5042 6442
1225 678 1279 762 35

1228 918 1290 999 28.

980 1091 1092 1155 Ibidem
1123 1093 1152 1154 in
1175 1094 1353 1174 sepulcreto
1377 1094 1527 1158 orientali.

697 1290 700 1296 .
756 1230 944 1295 ΙΣΑΓΟΡΑΣ
1553 1226 1711 1311 Ἱσαγόρας

755 1349 985 1413 ΝΙΚΟΛΑΕΙΟΣ
1557 1349 1755 1425 Νικολᾰειος.

1232 1630 1293 1710 29.

1198 1804 1322 1867 lbidem.

756 1940 959 2004 ΠΕΤΑΛΛΙΣ
1555 1938 1722 2015 Πεταλλίς.

357 2062 475 2126 Novum
498 2078 609 2125 nomen
632 2059 739 2123 lexicis
763 2058 904 2135 accedam
932 2057 1062 2141 Πετάλῃ
1084 2064 1131 2121 est
1153 2060 1234 2140 apud
1256 2058 1471 2141 Antiphanem.

1230 2312 1293 2390 30.

897 2480 1021 2543 ibidem.
1066 2479 1147 2543 lnire
1170 2497 1265 2562 eques
1287 2483 1423 2564 sculptus
1445 2488 1610 2563 spectetur.

758 2598 901 2665 ΝΙΚΗΦΟ
924 2646 931 2661 .
955 2646 994 2661 ..
1558 2600 1757 2684 Νικηφό(ρος
1850 2597 1857 2608 ’

758 2720 969 2783 ΕΙΕΑΓΟΡΟΥ
1559 2719 1744 2801 Εἰσαγόρον.

760 2837 979 2901 ΗΡΩΣΧΑΙΡΕ
1558 2840 1636 2923 ἥρως
1655 2850 1758 2921 χαῖρε.

508 2956 585 3021 Sero
609 2955 728 3018 demum
752 2957 831 3038 epud
855 2956 1017 3019 Thessalos
1040 2964 1073 3018 ut
1093 2957 1174 3037 apud
1196 2956 1401 3019 Athenienses
1426 2958 1592 3019 institutum
1617 2965 1678 3036 est,
1708 2965 1741 3019 nt
1763 2956 1873 3019 mortui
1896 2956 2029 3018 heroicis
2052 2955 2156 3019 hono·

360 3074 444 3138 ribus
466 3075 653 3153 colerentur,
676 3093 766 3157 quum
791 3076 871 3157 apud
894 3076 971 3138 elios
994 3077 1127 3158 populos
1150 3078 1223 3139 setis
1246 3078 1387 3158 antiquus
1409 3078 1460 3139 hic
1482 3094 1548 3139 mos
1572 3076 1690 3155 fuisset,
1714 3077 1797 3139 velut
1818 3075 1899 3156 apud
1911 3075 2057 3152 Boeotos,
2080 3091 2157 3156 quos

362 3194 421 3256 iem
443 3192 526 3256 Plato
549 3194 682 3257 comicus
706 3212 744 3256 eo
768 3196 891 3257 nomine
913 3195 1066 3257 irriserat:
1098 3195 1194 3273 „Quin
1218 3202 1247 3257 te
1269 3195 1444 3275 suspendis,
1468 3195 1578 3257 Thebis
1601 3195 1694 3258 heros
1717 3202 1750 3257 ut
1771 3194 1858 3272 fies'’‚
1880 3192 1940 3254 vid.
1961 3192 2028 3255 Keil
2040 3192 2156 3275 Syltcg.

361 3312 457 3377 tneor.
478 3314 585 3377 Boeot,
609 3332 639 3395 p.
664 3311 741 3395 153,
765 3313 856 3377 etde
878 3314 1025 3376 universo
1048 3313 1108 3377 hoc
1129 3334 1216 3378 more
1238 3316 1272 3378 li.
1296 3315 1327 3377 1².
1351 3315 1504 3377 Hermann
1528 3316 1673 3396 Antiquit
1697 3314 1790 3378 divin.
1813 3319 1833 3388 s
1857 3312 1907 3390 16,
1930 3330 1959 3374 n.
1981 3312 2031 3374 20.

1232 3597 1294 3676 31.

1194 3772 1316 3835 Ibidem.

761 3905 1010 3970 (ΠΕΝΔΟΥΕΑ
1561 3906 1750 3970 Σπένδουσα

760 4025 1022 4092 ΑΡΙΕΤΟΦΥΛΟ
1559 4020 1783 4105 {inserendi-e-

761 4146 965 4210 YHPOECXM
1561 4166 1588 4205 n.
1611 4142 1690 4225 ἣρως
1710 4153 1783 4223 χαῖ-

846 4266 894 4329 ΡΕ
1645 4283 1690 4343 ρε.

1235 4445 1297 4525 32.

970 4620 1083 4683 ibidem
1107 4621 1137 4682 in
1159 4618 1335 4701 sepulcreto
1358 4615 1549 4679 occidentali.

761 4741 1066 4807 ΕΥΡΥΔΑΜΑΕΥΡΥ
1562 4728 1735 4817 Εὕρυδάμα
1758 4729 1857 4817 Εὔρυ-

760 4859 1028 4924 ΔΑΜΑΝΤΟΣΓΥ
1491 4917 1497 4932 ,
1561 4854 1731 4936 trinam,
1753 4878 1810 4935 rn-

761 4978 1118 5042 ΝΗΔΕΗΓΑΚΛΕΙΔΟΣ
1568 4972 1603 5059 vr}
1626 4972 1661 5038 δὲ
1677 4970 1923 5053 Ἡγακλείδοῂι),

845 5093 965 5158 ΗΡΩΙΣ
1646 5088 1747 5176 ἧρωΐς.

511 5220 606 5287 Mariti
629 5212 951 5296 nnmen‘lctyaxtetdnc
966 5212 1103 5291 ridetur3
1119 5212 1272 5300 Ἡγεκλῇς
1293 5233 1332 5278 ex
1355 5214 1452 5276 numis
1463 5211 1604 5293 Ephesiis
1625 5216 1716 5274 notus
1738 5215 1796 5290 cet,
1819 5229 1847 5273 r.
1859 5210 1982 5274 itionet.
1994 5210 2044 5290 ΙΙΙ,
2056 5210 2156 5294 nem

368 5340 578 5425 Knioxietrtnc
599 5348 647 5405 est
667 5337 746 5403 inire
768 5353 797 5397 n.
820 5333 870 5397 52.

1922 5446 1960 5495 50
