5042 6442
1295 636 1354 721 lv

424 903 580 980 rationes
601 911 831 1003 quaestorum,
862 903 893 980 si
914 900 1099 1004 catalogos
1120 913 1324 981 senatorum
1345 914 1405 980 aut
1425 904 1577 981 tironum
1598 905 1884 1005 perlustraverit3
1914 910 1943 984 si
1958 910 2216 1011 sepulcrorum

422 1087 543 1164 titulos
573 1088 791 1190 perlegens,
828 1110 933 1191 acque
963 1097 1121 1166 remotos
1160 1113 1245 1167 esse
1283 1091 1504 1192 reputaverit
1533 1092 1593 1193 qui
1630 1100 1712 1169 ante
1751 1091 1823 1173 duo
1854 1095 1948 1174 milia
1979 1022 2149 1175 alanorum
2180 1111 2215 1176 et

421 1279 482 1380 qui
513 1275 588 1352 heri
620 1272 811 1354 defunctus
842 1276 905 1372 sit,
938 1276 969 1352 si
1001 1282 1053 1352 tot
1082 1273 1171 1353 locis
1202 1277 1361 1393 recentia
1391 1278 1473 1354 vitm
1493 1278 1605 1379 ipsius
1632 1281 1786 1381 vestigia
1807 1282 1980 1384 impressa
2001 1281 2215 1362 considera-

421 1465 535 1563 verit,
553 1449 555 1454 ¹
571 1463 602 1540 si
632 1459 815 1566 Pompejis
845 1463 880 1539 in
910 1458 1104 1564 parietibus
1135 1458 1263 1540 adium
1293 1484 1386 1565 quos
1417 1465 1571 1566 quisquc
1608 1465 1779 1565 proximis
1809 1470 1957 1578 comitiis
1988 1471 2213 1572 magistratus

421 1594 532 1729 creari
564 1651 760 1753 optaverit,
790 1650 820 1725 si
851 1644 1011 1751 Antipari
1041 1648 1075 1726 in
1105 1646 1278 1751 spelunca
1308 1651 1369 1752 qui
1400 1649 1497 1728 illum
1532 1650 1649 1729 locum
1689 1652 1931 1755 visitaverint,
1977 1659 2007 1734 si
2043 1656 2079 1735 in
2116 1659 2213 1734 vasis

420 1838 574 1942 antiquis
604 1859 697 1938 quos
728 1837 882 1939 quisque
913 1857 1046 1937 pueros
1077 1842 1112 1911 et
1143 1834 1282 1937 puellas
1314 1835 1492 1915 lormosos
1522 1835 1699 1935 habuerit,
1730 1838 2211 1947 innumerosque-eiusmodi

420 2025 522 2103 lusus
552 2020 697 2100 viderit:
736 2044 856 2100 nonne
887 2022 1002 2101 omnis
1032 2023 1201 2123 temporis
1233 2021 1364 2101 oblitus
1395 2025 1497 2128 quasi
1528 2047 1608 2099 curn
1639 2022 1878 2124 presentibus
1908 2050 2021 2129 agere
2051 2040 2087 2107 et
2117 2054 2211 2108 con-

417 2212 555 2289 versari
585 2208 791 2290 videbitur?
833 2206 1052 2310 Quamquam
1084 2216 1167 2285 sunt
1187 2211 1247 2311 qui
1272 2208 1351 2288 haec
1372 2213 1503 2288 minuta
1523 2205 1879 2310 studioque'omnino
1900 2211 2045 2316 indigna
2066 2227 2208 2319 putent3

417 2403 477 2503 qui
508 2422 687 2502 nunquam
718 2394 941 2473 intellexisse
971 2392 1150 2494 videntur,
1175 2401 1317 2496 porcis
1347 2419 1495 2498 quoquc
1522 2393 1639 2473 rodus
1668 2421 1811 2499 mopso
1840 2403 1983 2498 iocari,
2029 2425 2207 2506 nunquam

416 2589 578 2666 sensisse
607 2583 787 2684 videntur,
817 2581 1017 2662 amantibus
1046 2580 1130 2659 nihil
1161 2607 1246 2661 esse
1267 2585 1458 2677 minutum3
1488 2604 1555 2660 nos
1577 2592 1710 2681 autem,
1740 2587 1800 2687 qui
1831 2583 1900 2662 lroc
1930 2584 2085 2665 studium
2115 2613 2207 2692 pro·
2359 2689 2362 2691 Ι

417 2774 506 2852 lessi
535 2797 679 2873 sumus,
717 2771 928 2874 antiquitatis
959 2768 1081 2849 haberi
1113 2779 1290 2848 amatores
1320 2793 1391 2847 non
1422 2767 1545 2872 pudet,
1575 2771 1681 2849 immo
1712 2768 1883 2873 puderet,
1919 2775 1950 2850 si
1982 2797 2061 2852 eam
2090 2778 2205 2855 minus

322 2995 328 3005 ·
414 2982 624 3038 amaremus.

610 3149 733 3250 ltaque
773 3169 881 3248 quum
920 3141 1035 3246 Regis
1072 3148 1181 3223 nostri
1217 3144 1459 3245 augustissimi
1498 3141 1735 3224 munificentia
1771 3144 1855 3224 mihi
1894 3098 2133 3250 contigisset,
2167 3161 2206 3228 ut

416 3336 588 3415 Grmciam
621 3331 808 3433 viderem,
851 3332 1101 3434 inscriptiones
1136 3336 1300 3436 antiquas
1340 3341 1515 3435 quotquot
1550 3328 1634 3409 milri
1664 3333 1699 3410 in
1738 3356 1864 3410 manus
1900 3336 2087 3414 venissent
2123 3362 2202 3441 qum

412 3521 568 3602 nondum
598 3519 701 3601 edica
732 3528 871 3615 essent,
901 3516 1109 3598 describere
1141 3522 1323 3598 constitui.
1374 3517 1453 3597 Nec
1482 3528 1702 3621 querentem
1732 3542 1818 3621 spes
1849 3518 1987 3597 fefellit.
2047 3518 2138 3601 Nam
2167 3534 2203 3601 et

298 3788 303 3796 .
410 3710 565 3791 Athenis
595 3707 679 3788 dum
708 3728 852 3807 versor,
881 3728 975 3784 nova
1005 3705 1167 3810 quedam
1193 3710 1338 3784 inventa
1366 3716 1462 3801 sunt,
1491 3715 1528 3782 et
1554 3706 1588 3780 in
1609 3704 1796 3785 Thessalia
1825 3706 1932 3785 multa
1962 3706 2035 3786 vidi
2065 3709 2201 3814 pridem

410 3894 542 3976 eliossa
573 3893 639 3976 sed
668 3890 827 3973 nondum
857 3901 952 3971 nota.
1022 3891 1125 3971 Hanc
1153 3896 1246 3972 enim
1276 3893 1424 3972 Graecioe
1454 3902 1590 3996 partem
1626 3915 1736 3995 quum
1767 3895 1883 3973 minus
1919 3919 2024 3999 quam
2060 3908 2201 3977 ceteras

408 4085 587 4186 cognitam
617 4104 702 4160 esse
732 4079 1010 4180 intellexissem,
1041 4090 1210 4184 quantum
1241 4078 1318 4159 lleri
1348 4087 1474 4182 posset
1503 4076 1818 4182 pervestigandam
1838 4078 2042 4182 arbitratus,
2072 4108 2200 4165 mense

408 4270 509 4348 lunio
542 4264 654 4348 1846
684 4269 885 4372 peragravi.
972 4264 1084 4346 Cuius
1120 4271 1255 4346 itineris
1296 4265 1572 4371 descriptionem
1609 4268 1678 4344 iam
1713 4267 1825 4368 patrio
1858 4290 2026 4348 sermone
2051 4268 2200 4371 editam,

407 4456 508 4536 brevi
539 4458 573 4534 in
603 4454 850 4535 Germanicum
882 4476 1093 4533 conversam
1123 4452 1237 4553 dabo,
1277 4457 1542 4559 inscriptionum
1573 4461 1693 4529 autem
1723 4453 1944 4554 antiquarum
1974 4478 2083 4558 quum
2102 4456 2196 4535 houd

406 4644 572 4746 exiguam
593 4643 731 4745 copiam
750 4643 984 4742 invenissem,
1014 4640 1108 4741 Tibi,
1139 4640 1204 4721 Vir
1225 4641 1388 4738 Summe,
1416 4634 1621 4717 mittendam
1641 4634 1737 4715 duxi.
1787 4636 1845 4717 Ac
1864 4638 2046 4719 latendum
2065 4651 2195 4740 umen,

406 4851 464 4909 mc
492 4838 654 4932 tempore
683 4828 899 4932 proeclusum
927 4824 1096 4905 nonnulla
1132 4824 1238 4904 huius
1273 4829 1423 4931 generis
1459 4833 1685 4903 monumenta
1721 4824 1799 4904 aliis
1829 4777 2033 4933 reliquisse
2104 4822 2193 4904 Nam

405 5014 589 5119 catalogos
618 5014 826 5095 libertorum
866 5036 976 5118 quum
1013 5012 1144 5093 multos
1174 5010 1471 5115 descripsissem,
1516 5012 1648 5115 aliquot
1684 5015 1807 5114 omisi,
1852 5036 2004 5116 quorum
2039 5012 2191 5113 insignis

403 5200 647 5307 pulcritudinis
677 5203 822 5306 estqui
852 5198 1023 5304 Alisopae
1051 5197 1095 5279 ad
1126 5198 1288 5280 Peneum
1318 5208 1425 5279 extat
1496 5196 1613 5303 llcgis
1642 5198 1750 5281 doleo
1786 5196 1882 5303 quod
1918 5196 2066 5275 Tricce
2102 5194 2192 5276 duas
