5042 6442
1247 668 1304 749 33

1029 909 1172 974 'tituli
1204 908 1510 1009 sepulcrales.

1237 1060 1300 1142 23.

519 1198 664 1262 Luriasae
686 1198 717 1259 in
738 1197 915 1278 sepulcreto
938 1197 1119 1262 occidentali
1143 1207 1235 1279 extat,
1258 1218 1332 1279 non,
1355 1206 1388 1262 ut
1409 1200 1452 1263 Le
1473 1201 1531 1263 Bas
1554 1199 1638 1279 dixit,
1652 1200 1789 1264 leirene.

855 1352 1568 1430 ΓΟΥΤΑΛΑΓΟΥΤΑΛΕΙΑΚΟΡΑ

853 1472 1235 1538 ΤΙΤΥΡΕΙΑΓΥΝΑ

654 1588 1012 1655 ΟΛΕΟΔΗΣΤΥΓΕΡΩ
1021 1592 1636 1657 ΙΘΑΝΑΤΩΙΓΡΟΛΙΓΟΥΣΑΤΟΚΗΑΣ

653 1708 1456 1776 ΓΩΤΑΛΑΕΓΓΑΣΤΡΟΣΚΥΜΟΤΟΚΟΙΣΟΔΥΝΑ
1466 1713 1506 1775 l}

652 1828 1378 1894 ΟΥΤΕΓΥΝΗΓΑΜΓΑΝΚΕΚΛΗΜΕΝΗΟΥΤΕΤΙ
1388 1830 1515 1893 ΚΟΥΡΗ

652 1947 910 2011 ΓΕΝΘΟΣΓΑΤΡ
919 1948 976 2010 ΙΛΙ
985 1947 1283 2012 ΓΕΣΜΗΤΡΙΤΕΤΗ
1292 1949 1298 2011 Ι
1308 1949 1444 2013 uentu

653 2065 986 2131 ΕΡΜΑΟΥΧΘΟΝΙΟΥ

851 2217 1006 2284 Πούκαία
1028 2219 1211 2284 novellam
1230 2207 1313 2303 κο’ρα

853 2339 1003 2418 mairam
1024 2339 1110 2425 γυνή.

644 2458 736 2523 Ὧλεο
759 2446 797 2540 ὀί]
820 2461 957 2543 στυγερῷ
979 2459 1116 2543 &audem
1138 2459 1341 2541 προλιποῦσα
1363 2464 1479 2545 τοκῆας

693 2577 836 2641 Πωοοὶλα
858 2575 894 2657 ἔγ
915 2574 1048 2659 γαστρὸς
1070 2578 1250 2660 κνμοτόκοις
1272 2575 1411 2655 ὅὸίναις,

649 2692 718 2763 οὔτε
739 2695 816 2781 γυνὴ
838 2696 979 2778 πάμπαν
1000 2698 1169 2781 κεκλημένη
1191 2696 1260 2763 οὔτε
1283 2722 1310 2760 τι
1331 2697 1433 2780 κούρη,

691 2820 815 2892 πένθος
836 2821 933 2900 πατρὶ
954 2818 1044 2911 λίπος
1064 2820 1156 2900 μρτρί
1178 2842 1209 2881 τε
1232 2822 1268 2909 τῇ
1288 2818 1399 2901 maleel.

846 2932 981 3019 Ἑρμείου
1002 2939 1159 3000 Χθονίου.

849 3091 965 3153 Potula
986 3090 1093 3153 Potnli
1112 3091 1182 3169 fitia

853 3209 955 3291 Tityri
976 3230 1068 3273 uror.

649 3328 715 3391 Heu
737 3330 831 3409 foeda
854 3330 999 3412 linquens
1018 3332 1147 3412 periisti
1168 3338 1266 3392 ruorte
1283 3340 1444 3412 parentes,

694 3450 815 3523 Potula,
840 3448 968 3512 Lucinae
987 3470 1103 3531 pressu
1125 3450 1233 3511 labore
1253 3452 1355 3529 yruer'.

653 3567 742 3630 Uror
763 3588 819 3629 nec
841 3568 898 3629 tibi
919 3587 1028 3631 nomen
1052 3577 1118 3631 erut
1139 3587 1275 3648 prorsus
1296 3588 1394 3649 neque
1416 3571 1512 3648 οίνρο.

690 3687 789 3766 Luyet
810 3689 922 3748 matris
945 3706 1032 3748 aruer
1054 3688 1229 3767 infelixque
1248 3696 1350 3768 puter.

848 3806 1004 3868 Mercurio
1027 3804 1168 3885 Inferna.
1300 3828 1304 3834 ·

512 3991 613 4055 Edidit
633 3992 715 4055 hune
737 3992 853 4055 titulum
876 3992 933 4053 iam
955 3990 998 4052 Le
1011 3990 1067 4052 Bas
1090 3992 1120 4052 in
1143 3991 1248 4055 Revue
1272 3993 1511 4073 archeolugique
1536 3990 1617 4056 1844
1634 4012 1663 4073 p.
1676 3992 1737 4055 315
1761 3996 1809 4066 (et
1827 3995 1949 4073 repetiit
1960 3994 2026 4056 lieil
2038 3995 2163 4078 Sylloge

363 4110 457 4178 tuser.
480 4110 586 4174 Boeut.
611 4131 640 4193 p.
663 4112 737 4188 76);
781 4111 836 4174 sed
860 4111 994 4191 quaedam
1022 4128 1084 4172 non
1113 4119 1198 4175 recte
1220 4114 1428 4193 scripserunt;
1463 4132 1490 4173 v.
1514 4113 1534 4174 2
1557 4111 1714 4173 articulum
1741 4109 1938 4172 addiderunt:
1967 4110 1989 4173 ol
2015 4118 2049 4174 T.
2071 4117 2162 4190 γυνά,

367 4229 446 4310 quod
469 4231 579 4293 necin
605 4230 706 4310 lapide
729 4237 812 4293 extat
833 4249 891 4293 nec
913 4248 980 4291 cum
1002 4232 1154 4292 sermonis
1178 4250 1235 4292 usu
1258 4232 1416 4312 congruit3
1442 4250 1469 4291 v.
1492 4232 1512 4292 5
1535 4226 1635 4295 οὐκέκ
1657 4247 1744 4310 reque
1767 4230 1877 4291 vitiose
1901 4248 1958 4310 pro
1981 4231 2049 4296 οὔτε
2073 4258 2110 4297 π.

513 4348 707 4411 Admiramur
739 4351 770 4411 in
802 4348 860 4412 hae
892 4350 1092 4429 inscriptione
1120 4351 1249 4429 primum
1282 4349 1395 4431 linguae
1427 4350 1669 4411 inconstantiam.
1733 4348 1808 4411 Nam
1841 4366 1930 4428 quum
1964 4350 2065 4413 titulus
2095 4355 2162 4435 ipse

363 4466 481 4552 vulgari
504 4468 722 4532 Thessalorum
743 4487 888 4531 sermone
911 4470 1043 4549 scriptus
1065 4470 1115 4546 sit,
1138 4469 1169 4529 in
1190 4468 1331 4529 versibus
1358 4468 1425 4530 aliae
1454 4469 1567 4549 passim
1595 4486 1635 4528 ex
1657 4466 1787 4529 diversis
1810 4468 1947 4530 dialectis
1971 4469 2075 4534 lormae
2101 4473 2160 4535 ad·

359 4588 535 4651 sciscuntur
556 4587 613 4665 (el.
636 4588 706 4651 inlr.
729 4607 759 4650 n.
781 4586 853 4667 43),
886 4606 943 4668 pru
965 4588 1045 4670 κόρα
1069 4589 1189 4668 epicum
1211 4583 1313 4667 κούρη,
1337 4605 1395 4667 pru
1419 4586 1572 4651 Ποιίταία
1595 4587 1745 4660 numina,
1780 4605 1846 4666 quae
1867 4587 2020 4668 vulgatior
2041 4590 2161 4654 uidetur

361 4708 470 4787 forma,
493 4716 566 4772 nota
589 4727 629 4770 ex
652 4706 684 4770 C.
699 4706 720 4768 l.
744 4706 839 4784 2675,
862 4706 891 4783 b,
917 4705 957 4768 10
978 4707 1035 4768 viri
1056 4705 1231 4769 Macedonis
1254 4707 1387 4768 nomine.
1434 4710 1479 4770 οο
1501 4723 1557 4786 pru
1581 4729 1606 4769 ω
1623 4704 1827 4766 Thessalicum
1851 4711 1907 4781 est,
1931 4705 2162 4775 velut'Anloru

360 4844 420 4908 pro
439 4824 625 4904 Ἀπόλλων,
648 4824 877 4907 Κραννούνιος,
899 4825 1038 4907 reatina,
1062 4820 1237 4908 ὄνοίλοομα,
1260 4825 1335 4904 alia,
1369 4826 1515 4906 imprimis
1540 4825 1631 4887 dativi
1652 4823 1763 4905 singul.
1786 4842 1850 4886 sec.
1873 4823 1950 4886 decl.
1981 4832 2012 4887 et
2033 4830 2158 4908 genitivi

359 4946 488 5027 pluralis
509 4948 541 5009 iu
563 4969 600 5011 ου
621 4951 651 5007 et
673 4967 729 5008 ουν
750 4950 909 5022 exeuntes,
933 4943 1126 5007 altithrona
1149 4944 1188 5008 de
1211 4944 1280 5007 dial.
1304 4944 1327 5022 l,
1341 4963 1369 5025 p.
1382 4944 1455 5021 220,
1479 4944 1516 5022 lt,
1529 4962 1559 5024 ρ.
1576 4942 1647 5007 533.
1692 4943 1725 5005 ln
1747 4943 1807 5005 hae
1828 4944 1895 5024 ipsa
1917 4945 2009 5007 inser.
2028 4942 2159 5027 Ἐρμάοο

358 5068 508 5131 Χθονίου
519 5072 567 5128 est
577 5082 635 5146 pro
644 5061 765 5148 Ἐρμιίῳ
776 5066 912 5146 Χθονίῳ
920 5090 930 5139 ,·
949 5060 1142 5129 ’Λσκίαπίου
1151 5082 1245 5144 supra
1258 5064 1347 5142 nuo,
1360 5065 1429 5125 inlr.
1441 5060 1483 5123 43
1491 5084 1499 5138 ;
1523 5062 1561 5124 cf.
1575 5063 1613 5125 ad
1625 5061 1712 5125 nul.
1724 5096 1756 5105 -
1773 5062 1955 5125 Ποιπάλεια
1969 5069 1999 5123 el
2013 5064 2168 5146 Τιτύρεια·

359 5183 510 5246 allectiva
532 5190 604 5247 sunt
625 5186 691 5247 eius
713 5183 850 5265 generis,
874 5182 912 5244 de
934 5199 995 5262 quo
1019 5180 1150 5244 diximus
1173 5182 1211 5246 ad
1233 5202 1265 5247 n.
1281 5182 1331 5245 20.
1386 5182 1442 5245 llic
1463 5182 1532 5259 iam,
1555 5183 1697 5262 quoniam
1721 5179 1866 5261 Ίὶπίρεεο
1887 5197 1950 5242 uon
1972 5183 2076 5260 patris,
2100 5184 2156 5247 sed

359 5302 461 5368 utariti
483 5304 606 5366 nomine
628 5302 759 5383 (licitur,
791 5320 865 5365 vera
887 5306 1016 5381 apparet
1039 5318 1109 5365 esse
1136 5302 1287 5367 adieetiva
1310 5302 1501 5384 possessiva,
1535 5318 1597 5363 non
1625 5300 1836 5381 patronymica
1864 5305 1991 5374 tantum,
2025 5299 2064 5364 de
2095 5322 2156 5384 que

1753 5416 1771 5464 ο
