5042 6442
1221 651 1284 735 32

504 1032 670 1098 Pieriam
692 1032 758 1098 eda
781 1031 821 1096 sn
837 1028 1034 1113 carratampi
1056 1031 1139 1096 basis
1160 1037 1268 1096 statua
1293 1027 1480 1095 nechabet.

552 1153 784 1218 antoniano}
1508 1148 1691 1232 Κλεόμαχος

552 1270 813 1336 ΜΟΛΟΣΣΕΙΟΣ
1507 1267 1707 1343 Μολόσσειος

554 1389 777 1455 ΑΣΚΛΑΠΟΥ
1503 1384 1706 1453 {anxiantem

506 1542 709 1607 Cleomachus
738 1541 871 1605 Molossi
901 1543 988 1623 filias
1014 1544 1212 1625 AEscutopc'o.
1269 1544 1446 1626 Κλεόμαχος
1467 1543 1588 1606 AEolice
1611 1558 1668 1621 pro
1695 1540 1877 1622 Κλεόμαχος
1898 1549 1930 1603 ut
1951 1543 1982 1604 in
1998 1540 2165 1621 Metropo-

357 1666 447 1729 litana
469 1666 562 1728 inser.
586 1680 634 1742 ap.
657 1660 748 1724 Leak.
773 1679 802 1723 n.
825 1660 973 1741 219,·12,
997 1662 1117 1725 Ahrens
1141 1663 1180 1725 de
1202 1662 1270 1726 diat.
1295 1664 1336 1743 ll,
1359 1682 1389 1745 p.
1412 1662 1490 1738 5303
1514 1680 1582 1724 narn
1604 1660 1686 1742 apud
1707 1660 1816 1725 AEoles
1837 1639 1998 1741 Doresqne
2015 1684 2031 1723 a
2051 1666 2122 1721 ante
2145 1682 2166 1724 ο

357 1801 442 1866 sepe
465 1785 496 1848 in
518 1808 530 1845 ι
551 1781 671 1859 transit,
694 1787 728 1843 ut
745 1778 879 1863 χρύσιος,
902 1781 1053 1865 σιδάριος,
1075 1780 1196 1858 ὄοοιον,
1217 1782 1303 1859 θιός,
1324 1802 1354 1845 v.
1377 1782 1499 1845 Ahrcns
1522 1782 1546 1858 1,
1570 1800 1600 1862 p.
1624 1780 1750 1861 tit-sap,
1772 1777 1809 1857 ll,
1825 1797 1855 1861 p.
1879 1778 1937 1841 121
1962 1798 2007 1859 sq.
2052 1778 2164 1842 Boeoti

357 1904 414 1967 iam
437 1902 531 1985 vulgo
555 1900 615 1963 hoc
637 1898 761 1977 faciunt,
784 1919 912 1982 quarum
936 1910 984 1965 est
1003 1906 1098 1984 χρίος,
1121 1903 1216 1970 uacuo
1236 1902 1275 1966 al.
1298 1921 1327 1964 v.
1351 1901 1475 1965 Ahrens
1498 1901 1521 1979 1,
1544 1919 1574 1982 p.
1600 1899 1671 1978 179,
1694 1898 1732 1977 11,
1755 1916 1784 1979 p.
1807 1895 1879 1960 518.
1905 1932 1939 1941 -
1964 1899 2166 1974 Μολόσσιιος

357 1989 541 2085 adiectivum
563 2020 808 2101 patronymicum
831 2028 889 2099 est,
911 2020 1100 2104 Molossique
1123 2020 1215 2084 filium
1238 2021 1359 2084 indicat.
1403 2020 1517 2082 Dahis
1540 2018 1700 2083 adiectivis
1730 2020 1761 2079 in
1784 2039 1837 2091 εος
1856 2023 1909 2079 aut
1929 2040 1994 2091 οιος
2017 2018 2164 2080 exeunti·

358 2142 415 2204 bus
438 2140 603 2221 disputavit
624 2140 747 2204 Ahrens
770 2141 808 2203 de
831 2138 901 2203 dial.
925 2139 948 2217 1,
973 2158 1002 2220 p.
1025 2139 1088 2203 214
1109 2158 1154 2221 sq.
1178 2138 1233 2213 (cs.
1256 2140 1293 2218 11,
1317 2159 1346 2220 p.
1370 2140 1431 2201 526
1454 2145 1485 2200 ct
1505 2138 1608 2219 Bergk
1630 2137 1772 2219 Beitrigc
1795 2156 1850 2199 zur
1872 2156 1918 2219 gr.
1942 2136 2164 2200 Monatslrundc

359 2278 389 2342 p.
414 2259 452 2321 15
474 2262 551 2341 sep),
575 2278 703 2342 eamque
725 2261 874 2322 rationem
904 2257 975 2321 inde
999 2260 1036 2322 ab
1059 2260 1194 2322 Homero
1225 2296 1258 2305 -
1289 2258 1369 2340 apud
1397 2277 1486 2339 quern
1512 2256 1714 2339 Τελαμώνιος
1735 2260 1823 2333 Αἴας
1844 2265 1876 2320 et
1896 2256 2077 2331 Ποιοίνπος
2097 2252 2167 2332 οἶός

358 2351 493 2440 sunt⁰-
525 2385 558 2442 ct
578 2378 710 2441 Pindaro
727 2412 780 2438 .-
812 2380 898 2442 cuius
921 2386 969 2441 est
989 2380 1103 2460 Κρόνιε
1125 2392 1189 2443 ποτ
1207 2384 1291 2454 Ρέας
1313 2386 1344 2441 ct
1364 2381 1567 2458 Δεινομένειε
1586 2388 1651 2441 ποτ
1681 2410 1715 2423 -
1751 2394 1810 2457 per
1833 2375 1979 2458 plurimas
2001 2374 2165 2438 Boeoticas

358 2498 574 2579 inscriptiones
597 2504 778 2579 persecutus
802 2504 857 2559 est.
897 2498 1004 2579 Neque
1027 2498 1058 2559 in
1081 2497 1238 2560 Thessalia
1262 2496 1360 2562 minua
1381 2503 1431 2559 est
1453 2494 1600 2577 frequens
1621 2496 1795 2578 antiquiore
1814 2496 1936 2576 quidem
1959 2502 2110 2574 ternpore,
2133 2498 2168 2554 ut

359 2623 445 2680 recte
467 2618 585 2680 monuit
605 2616 707 2680 Leakc
728 2615 835 2680 North.
860 2617 977 2680 Grecce
1000 2616 1049 2695 lV,
1074 2635 1103 2697 p.
1125 2615 1198 2679 443.
1254 2612 1532 2698 Πολεμαρχιδαῐος
1553 2616 1611 2680 iam
1632 2621 1726 2677 uotae
1756 2620 1824 2677 erat
1844 2633 1884 2676 ex
1906 2611 1941 2678 C.
1964 2613 1986 2675 1.
2010 2629 2039 2674 ιι.
2065 2610 2164 2689 1766;

361 2735 449 2817 plura
471 2736 531 2798 vid.
556 2735 637 2817 apud
660 2735 782 2798 Ahreno
804 2735 840 2813 11,
865 2754 894 2817 p.
919 2735 996 2811 535;
1020 2736 1050 2796 in
1075 2737 1188 2824 nostris
1211 2729 1437 2809 Λύτονόοιίος)
1460 2734 1512 2815 21,
1535 2734 1720 2799 naucum
1743 2740 1774 2797 et
1797 2732 1944 2815 Ttrr'pecc
1954 2730 2006 2811 23,
2029 2731 2081 2793 ubi
2104 2730 2167 2793 aid.

362 2862 438 2932 not,
459 2858 659 2936 Aapovtacru
680 2855 732 2934 24,
756 2848 966 2936 Εὕ)άνδρειος
987 2855 1038 2933 25,
1062 2854 1250 2928 Νικολάοιος
1265 2854 1318 2932 28,
1338 2848 1555 2935 {conmotam
1575 2854 1633 2929 50;
1666 2860 1728 2915 tum
1748 2848 1931 2935 Ἀργάλιιος
1953 2846 2169 2931 erumpo-

361 2992 443 3048 ιοιος
465 2974 495 3035 in
517 2974 622 3037 Revue
644 2973 894 3058 Archeologique
919 2972 1011 3052 1844,
1035 2992 1064 3054 p.
1087 2972 1159 3035 316.
1196 3007 1230 3018 -
1264 2968 1458 3038 Ἀσιιλοιπίοο
1480 2972 1600 3036 dativus
1622 2969 1815 3036 Thessalicus
1837 2978 1895 3050 est,
1918 2970 1977 3033 aid.
2002 2969 2040 3033 ad
2063 2987 2092 3030 n.
2115 2967 2168 3033 23.

364 3092 469 3174 itaquo
492 3092 652 3156 donarium
674 3092 819 3156 hahemus
841 3092 1018 3176 AEsculapio
1042 3092 1235 3168 dedicatum}
1260 3090 1298 3154 cs.
1323 3110 1352 3151 ιι.
1378 3092 1404 3154 1.

519 3449 662 3513 Loricam
684 3450 714 3511 in
737 3450 853 3513 adibus
875 3449 1110 3531 archiepiscopi.

808 3617 815 3633 .
874 3617 882 3632 .
938 3616 945 3631 .
1444 3563 1476 3637 (ὁ
1498 3566 1605 3643 δεῖνα)

763 3688 979 3754 ΑΥΤΟΝΟΕΙ(
989 3714 997 3750 ι
1403 3683 1612 3763 Αὗιονόειίος

764 3809 947 3873 ΟΝΕΘΕΙΚΕ
1402 3804 1548 3872 &affletur

763 3927 1016 3992 ΤΟΝΓΟΤΕΙΛΟ
1404 3930 1481 4015 (afr)
1503 3924 1685 3999 Ποτειδίιὸ-

698 4048 718 4109 5
762 4046 986 4111 ΝΙΓΕΡΤΟΙΓΑ
1340 4049 1360 4109 5
1405 4070 1436 4111 νι
1458 4042 1570 4127 (ὺπέρ
1593 4048 1680 4118 roffi)
1702 4066 1769 4107 rra·

766 4164 1044 4232 Λ.ΞΑΥΤοΝο0
1404 4164 1506 4247 (πρὸς)
1529 4160 1718 4235 Aomdum.
1758 4161 1772 4223 ?

517 4285 552 4348 {n
577 4284 637 4349 noc
659 4284 746 4348 titulo
768 4282 958 4347 restituendo
981 4282 1110 4347 forsitan
1136 4285 1217 4347 iusto
1249 4283 1395 4348 audacius
1425 4286 1603 4349 coniectura
1633 4299 1705 4345 usus
1726 4282 1793 4344 sim.
1852 4279 1887 4343 V.
1909 4279 1939 4344 2.
1968 4276 2174 4356 Arimantos

369 4404 551 4470 adiectirum
575 4406 817 4486 patronymicum
839 4403 975 4482 videtur,
1003 4402 1139 4466 Autonoi
1161 4403 1257 4483 tilius,
1291 4403 1354 4467 rid.
1377 4402 1415 4466 ad
1438 4420 1468 4466 ιι.
1491 4403 1542 4466 20.
1577 4434 1618 4448 -
1650 4399 1685 4463 t.
1708 4399 1738 4464 3.
1761 4396 1909 4467 evitem
1932 4403 1952 4465 i.
1975 4419 2004 4466 c.
2027 4396 2172 4482 οἷνέθοιιο

370 4528 405 4586 ut
424 4521 458 4587 (λ
482 4520 505 4586 Ι.
528 4523 620 4600 1766,
641 4542 670 4584 v.
695 4522 814 4586 Ahrens
837 4522 907 4587 diat.
929 4519 953 4603 1,
976 4541 1006 4606 p.
1030 4524 1079 4587 76.

1239 4707 1301 4787 22.

524 4810 698 4874 Otooaaone
720 4811 750 4872 in
772 4810 967 4873 monasterio.

456 4929 1137 4994 ΑΔΕΙΑΚΑΛΛΙΕΤΡΑΤΟΥΑΡΙΕΤΟ
1449 4926 1565 4994 uorsa
1585 4927 1822 5009 Καλλιστράτου
1838 4921 1980 5005 Ἀριστό-

462 5046 1143 5113 ΔΗΜΟΝΤΟΝΕΑΥΤΗΠῘΑΠΠΟΝΕΚΤΩΝ
1464 5046 1566 5132 oppos
1587 5047 1643 5114 τὸν
1663 5045 1774 5130 ἑαυτῆς
1795 5044 1933 5109 πάππον
1953 5039 1988 5104 ἐκ
2009 5045 2069 5106 τῶν

677 5166 787 5232 ΙΛΙΟΝ
1530 5169 1533 5176 ’
1671 5165 1769 5233 ἰδίων.

1124 5290 1422 5301 ’,οισι-*ᾡ-
