5042 6442
1247 657 1297 767 ,4

614 897 683 974 α)ις
698 900 853 983 στατῆρας
874 897 961 975 δέιια,
983 902 1038 962 aori
1057 896 1103 975 ελς
1123 898 1183 965 cdv
1203 901 1324 966 θυσίαν
1342 889 1408 966 &a
1425 900 1583 981 σιονρρλιον
1602 902 1759 982 στατῆρας
1779 921 1887 976 rtem,
2018 915 2028 938 '²
2106 905 2111 918 '

612 1017 683 1091 ιι)αλ
705 1019 764 1082 νῦν
783 1017 1003 1100 λανβανδντιι,
1024 1022 1080 1080 act
1100 1016 1140 1081 τὰ
1161 1015 1262 1083 λοιπὰ
1281 1016 1485 1100 &repetendae
1507 1013 1529 1080 ολ
1552 1016 1646 1091 πόλις
1667 1021 1729 1082 τῶν
1749 1018 1896 1083 Μελιτα-

611 1138 672 1199 έιον
694 1138 755 1200 τῶν
775 1141 891 1201 κοινῶν
910 1136 950 1218 ἐμ
972 1143 1107 1220 Πηρέοις
1128 1134 1240 1213 eadric
1260 1140 1316 1199 καλ
1335 1133 1371 1201 οδ
1392 1136 1557 1218 πρότερον.
1599 1135 1720 1216 Νόμοις
1740 1134 1779 1199 δέ
1795 1139 1892 1221 χρήο-

611 1257 683 1318 dua
704 1259 824 1337 Πρριις
845 1267 908 1332 τοῖς
929 1252 1033 1331 αὐτοῖς
1054 1262 1108 1321 καλ
1128 1260 1318 1334 Μελιταοῐς,
1340 1255 1397 1332 τὰς
1418 1254 1455 1320 δὲ
1475 1253 1512 1321 δν
1532 1251 1748 1336 ἀγορανόμοις
1769 1253 1857 1330 δλιιας
1881 1261 2012 1340 γινομέ-

526 1367 569 1433 30
611 1397 671 1450 νας
693 1378 829 1457 Πρρέοις
850 1374 923 1439 πόα
946 1381 1076 1459 Προοῒς,
1099 1374 1399 1470 ναιδρᾗῐοτροὶμρνον
1419 1373 1593 1450 maclovus
1614 1371 1654 1455 ἐμ
1675 1377 1812 1457 Πηρέοις
1832 1371 1864 1437 οἱ
1885 1373 1920 1456 dp
1942 1382 2017 1441 Ms-

609 1493 728 1583 λιιελας
748 1488 957 1576 α’γοροὶνομοι.
995 1473 1225 1578 ’Λναγραρῆιω
1246 1493 1284 1559 δε
1304 1499 1402 1559 ταῦτα
1424 1492 1460 1558 δν
1480 1492 1599 1568 στάλας
1618 1494 1655 1557 ἒν
1676 1513 1719 1586 σε,
1731 1491 1887 1574 Μολιιιλᾳ

608 1617 663 1676 καὶ
683 1611 720 1677 ἐν
738 1591 876 1693 Δολφοτς
895 1617 951 1676 net
971 1612 1007 1678 ἐν
1029 1613 1192 1680 Καλυδῶνι
1213 1618 1268 1677 καὶ
1288 1612 1324 1679 ἐν
1337 1614 1461 1695 Θέρμῳ.
1502 1613 1675 1694 Μοίριυρες
1695 1609 1731 1676 τὸ
1745 1609 1908 1692 συνέδρων
1921 1614 2049 1690 Λιλαι-

608 1732 693 1802 λ)ιῖν
714 1727 749 1794 τὸ
771 1730 824 1795 ἐπὶ
844 1737 1044 1815 γραμματέος
1064 1733 1170 1799 Λύκου
1191 1737 1247 1797 καὶ
1265 1730 1298 1798 oi
1319 1730 1515 1814 rspoooscicos
1536 1732 1590 1795 rori
1610 1730 1786 1813 συνεδρίου,
1808 1728 1935 1813 (Ἡρα-λ

607 1850 726 1924 α’)λαος
745 1851 918 1927 Eudonos,
939 1851 1091 1927 Δύσοιιιος
1108 1847 1355 1927 uastauere,
1377 1853 1430 1913 soi
1452 1845 1472 1915 δ
1493 1846 1715 1931 γραμματεδλς
1729 1848 1847 1914 'dinc-d

523 1964 567 2031 35
606 1991 662 2051 χος
679 1966 880 2051 Ἐρυθραῖος,
902 1976 957 2033 καὶ
977 1966 996 2035 δ
1018 1968 1183 2053 ἱππάρχας
1200 1966 1337 2049 Ἀλέξων
1353 1967 1546 2052 ‘meave
1568 1971 1785 2044 Πανταλέων
1802 1963 1895 2031 ’Λα-λ

607 2088 706 2154 acideo
726 2088 940 2170 Πλευρώνιος,
961 2089 1174 2170 Νικόστρατος
1195 2090 1410 2171 Νικοστράτου
1428 2088 1644 2162 Ναυπάκαος,

605 2209 788 2289 Δαμόξενος
809 2206 979 2290 Θεοδώρου
995 2204 1220 2289 Ἡρακλεώτας.

573 2445 671 2519 Quum
693 2448 799 2509 miram
821 2447 911 2510 huius
932 2447 1119 2509 monumenti
1146 2447 1353 2528 integritatem
1375 2445 1579 2521 admiremur,
1603 2450 1663 2506 tam
1686 2443 1756 2524 plus
1779 2445 1868 2508 etiam
1891 2443 2038 2507 fructibus
2061 2448 2098 2510 iis
2120 2448 2177 2513 ie·

376 2570 488 2642 tamur,
528 2565 579 2645 qui
606 2565 679 2629 inde
714 2566 765 2628 vei
793 2566 929 2632 bistone
956 2566 1007 2629 vel
1041 2564 1242 2649 geographie
1274 2566 1405 2645 antique
1431 2563 1613 2627 redundant.
1675 2561 1889 2644 Cognitionem
1917 2564 1997 2626 enim
2029 2566 2178 2646 videmus,

371 2701 460 2762 quam
484 2681 625 2746 iecerunt
646 2684 757 2765 AEtoii,
791 2705 883 2769 quum
905 2701 962 2749 eoa
984 2685 1118 2747 arbitros
1139 2684 1345 2764 sumpsissent
1364 2681 1568 2746 bieiitreenses
1590 2687 1623 2745 ct
1642 2681 1809 2762 Perenses,
1844 2684 1904 2746 duo
1927 2683 2092 2748 thessalia
2113 2703 2176 2766 ρο-

369 2800 433 2880 puii
456 2808 487 2865 et
507 2803 600 2865 ricini
621 2811 652 2866 et
673 2805 803 2869 civitatis
825 2804 1039 2868 communione
1061 2802 1226 2866 coniuncti.
1273 2801 1365 2866 Fines
1386 2802 1514 2882 priorum
1536 2802 1695 2883 utriusque
1716 2802 1825 2884 populi
1847 2802 2049 2881 constituunt,
2079 2807 2110 2864 et
2138 2804 2179 2866 do

370 2937 447 3000 agro
470 2922 600 3001 quodam
621 2923 762 3004 publico,
793 2942 836 2986 ne
859 2940 927 2986 eum
951 2922 1102 3010 priqatum
1128 2919 1263 2984 reddere
1285 2920 1386 2983 liceat
1439 2919 1517 2984 'ium
1543 2922 1742 3002 precipiunt,
1776 2921 1848 3001 quid
1871 2920 2040 2984 iaciendum
2063 2923 2118 3000 sit,
2150 2924 2178 2985 si

371 3036 452 3100 torte
474 3040 607 3103 civitatis
628 3044 873 3107 communionem
886 3039 1059 3105 'doirerintz
1081 3046 1116 3102 ut
1136 3037 1246 3124 fluibus
1268 3044 1392 3103 utamur
1414 3039 1472 3104 iarn
1495 3040 1685 3117 comburis,
1711 3046 1745 3101 ut
1771 3037 1923 3102 Perenses
1951 3057 2040 3103 unarn
2068 3042 2098 3101 in
2121 3059 2177 3103 se-

370 3161 443 3217 natu
463 3157 636 3224 AEtoimum
657 3164 838 3227 sententiam
864 3159 1012 3235 habeant,
1045 3158 1177 3241 erisque
1206 3157 1299 3222 alicui
1326 3159 1528 3224 communiter
1543 3158 1704 3234 „contracti
1731 3163 1827 3222 ratam
1854 3160 2024 3239 portionem
2047 3159 2177 3221 solvant

368 3274 487 3339 Deinde
515 3278 708 3360 decernitur,
736 3286 770 3343 ut
796 3281 947 3343 Perenses
975 3277 1117 3342 decumas
1145 3251 1299 3359 quasdam·
1313 3278 1518 3342 creditoribus
1535 3275 1664 3378 ‘debitas
1684 3275 1820 3353 solvant,
1854 3276 2056 3339 iiciitaeenses
2077 3284 2177 3339 autem

370 3394 495 3457 eosdem
518 3403 609 3478 atque
630 3405 719 3461 antea
742 3403 881 3480 sumptus
903 3398 1134 3479 magistratuum
1158 3402 1199 3458 et·
1209 3413 1371 3460 sacrorum
1392 3415 1483 3462 eausa
1506 3397 1690 3462 Pere'nsibus
1719 3396 1894 3477 prebeant,
1923 3396 2069 3476 statisque
2097 3403 2177 3458 tem·

367 3514 493 3591 poribus
526 3515 556 3577 in
588 3517 771 3581 Perensibus
803 3518 850 3588 ius
880 3499 998 3592 δισσοῖς
1033 3524 1192 3597 postremo
1218 3518 1374 3579 arbitrium
1401 3515 1462 3579 boc
1488 3514 1596 3578 tabuiis
1629 3514 1873 3591 inscribendum
1913 3520 2070 3596 testesque
2098 3514 2176 3576 sub-

368 3631 552 3694 scribuntur.

566 3753 696 3816 Primum
719 3756 814 3838 igitur
828 3755 854 3817 si
873 3753 1087 3818 AEtoiorum
1110 3751 1252 3817 foedus
1274 3754 1346 3817 hinc
1367 3753 1480 3835 aliquid
1502 3753 1722 3834 lucisaccepit‚
1746 3771 1807 3815 non
1831 3754 1917 3834 parvi
1928 3752 2101 3815 babendum
2113 3758 2176 3830 cst3

367 3885 435 3928 nam
458 3887 548 3948 quum
571 3870 801 3936 Atheniensium
823 3891 874 3936 res
897 3872 1029 3953 publica,
1056 3873 1214 3952 permultis
1236 3875 1424 3954 scriptorum
1445 3874 1648 3934 monumentis
1666 3871 1826 3949 illustrata,
1856 3890 1956 3952 prope
1974 3872 2072 3933 omnis
2088 3872 2176 3933 nobis

366 3985 406 4046 ob
429 3987 537 4050 oeulos
559 3993 719 4071 proposita
740 3996 794 4070 sit,
818 4009 909 4073 quum
930 3990 1232 4054 Lacedaemoniorum
1255 4010 1317 4053 non
1340 3994 1445 4074 ignota
1468 3993 1523 4068 sit,
1547 3991 1718 4055 AEtoiorum
1741 3997 1859 4067 contra,
1882 3990 2065 4053 Achaeorum
2088 3995 2175 4052 cete-

366 4122 529 4187 rarumque
551 4112 687 4190 gentium
717 4112 783 4175 iere
804 4111 930 4174 bellicas
961 4115 1074 4170 tantum
1103 4127 1154 4172 res
1177 4118 1350 4192 compertas
1380 4111 1544 4188 babemus,
1579 4110 1618 4173 de
1648 4109 1789 4173 civilibus
1817 4110 1915 4173 rebus
1939 4116 1970 4171 et
1995 4108 2034 4171 de
2058 4110 2176 4172 interna

365 4240 466 4285 rerum
490 4227 676 4305 publicarum
705 4231 921 4293 constitutione
943 4246 1051 4309 parurn
1073 4228 1176 4292 edocti
1197 4248 1312 4292 sumus.
1356 4229 1451 4294 Simili
1474 4237 1574 4292 autern
1597 4231 1717 4292 ratione
1739 4229 1805 4291 baec
1826 4230 1857 4291 in
1880 4229 2019 4292 omnibus
2042 4229 2175 4291 instituta

365 4341 517 4421 videntur,
540 4346 579 4409 ita
603 4355 635 4410 ut
656 4368 771 4412 summa
784 4347 971 4410 decernendi
985 4353 1122 4429 potestas
1134 4366 1231 4428 penes
1250 4348 1415 4429 populum,
1439 4348 1599 4411 consitium
1620 4354 1651 4411 et
1667 4349 1887 4410 administratio
1908 4363 2004 4427 penes
2026 4355 2175 4412 senatum.

365 4459 524 4540 imperium
548 4483 644 4545 penes
666 4468 859 4550 magistratus
883 4465 984 4529 suerit.
1028 4467 1066 4529 Ut
1087 4467 1180 4549 igitur
1200 4468 1232 4529 in
1255 4467 1532 4531 Orchomeniorum
1559 4467 1682 4548 legibus
1704 4473 1803 4529 extat:
1836 4466 1984 4546 διδόχται
2012 4478 2075 4542 τοῖς
2101 4484 2174 4531 σον-

364 4576 466 4660 έδροις
488 4588 541 4645 και
563 4588 608 4669 aqi
628 4583 720 4671 δάμῳ
742 4585 827 4661 (Keil
849 4586 977 4667 Syitoge
995 4586 1230 4667 iuscriptionum
1254 4586 1470 4650 Boeoticarum
1494 4604 1523 4647 n.
1545 4584 1582 4663 4,
1611 4586 1677 4662 b),
1706 4592 1740 4647 ut
1767 4585 1798 4647 in
1820 4585 2083 4666 Acraepbiensinm
2104 4603 2176 4650 σον-

362 4697 437 4775 οδος
463 4706 516 4764 καὶ
543 4704 704 4785 συνέδριον
736 4704 831 4781 (ibid.
862 4724 891 4767 ιι.
914 4705 991 4782 31),
1025 4710 1057 4766 ut
1082 4704 1187 4767 Achaei
1214 4704 1354 4785 AEgium,
1393 4710 1427 4767 ut
1455 4705 1649 4767 Acarnanum
1678 4722 1784 4767 omnes
1813 4705 1919 4785 populi
1944 4705 2114 4769 Leucadem
2143 4704 2172 4763 in

364 4819 524 4881 concilium
553 4825 779 4886 conveniebant
805 4823 888 4897 (Liv.
917 4822 1059 4899 xxxiii,
1094 4821 1142 4884 16.
1167 4821 1242 4901 ii),
1274 4824 1314 4884 ita
1337 4823 1509 4885 AEtolorum
1532 4823 1637 4902 populi
1660 4825 1822 4904 quotannis
1853 4826 1933 4886 circa
1960 4822 2173 4904 aequinoctium

364 4941 554 5003 auctumnaie
578 4941 817 5020 conveniebant,
841 4946 1024 5021 poteratque
1046 4945 1179 5019 pretor,
1203 4942 1325 5023 quando
1348 4960 1426 5023 opus
1449 4949 1532 5020 erat,
1563 4948 1649 5003 extra
1672 4942 1811 5005 ordinem
1834 4942 1996 5004 concilium
2020 4939 2173 5001 advocare

364 5058 445 5131 (biv.
468 5060 584 5137 XXXI,
608 5059 677 5135 32).
723 5060 788 5123 iioc
809 5067 857 5122 est
878 5059 1091 5122 Panaetolicum
1114 5060 1276 5123 concilium
1298 5079 1323 5123 s.
1347 5057 1365 5146 ἦ
1387 5060 1476 5145 κοινὴ
1498 5065 1560 5127 τῶν
1579 5063 1734 5126 Αἰτωλῶν
1755 5062 1885 5136 σύνοδος
1906 5056 2029 5137 (Polyb.
2049 5057 2098 5135 iV,
2124 5060 2169 5129 5)·

363 5179 487 5240 Senatui
519 5197 630 5242 nomen
659 5185 725 5241 erat
751 5178 917 5259 συνέδριον
945 5179 1075 5260 (Polyb,
1100 5179 1200 5258 xxti,
1237 5179 1284 5240 15.
1310 5178 1402 5260 Corp.
1427 5180 1519 5243 lnscr.
1551 5200 1581 5243 ιι.
1604 5179 1726 5255 2352).
1783 5182 1827 5243 Eo
1859 5177 1970 5240 delecti
1998 5197 2037 5240 ex
2068 5178 2170 5240 omni-

362 5296 418 5359 bus
436 5298 564 5383 populis
586 5304 747 5361 senatores
769 5298 977 5376 mittebantur,
1006 5302 1189 5380 doutmsat,
1224 5297 1346 5379 qualem
1370 5318 1460 5362 unum
1484 5319 1524 5363 ex
1545 5300 1602 5363 bae
1632 5301 1833 5379 inscriptione
1853 5295 1993 5358 videmus
2021 5297 2171 5360 Perenscs
