5042 6442
1231 660 1287 743 39

359 906 412 971 illo
435 905 577 987 Sigecusi
599 922 756 969 marmore
774 904 825 979 (C.
849 904 871 968 l.
894 921 923 967 u.
937 904 969 983 8,
991 904 1087 966 Franz
1109 904 1256 968 Element
1280 922 1309 966 n.
1333 902 1404 981 32),
1426 903 1467 965 itu
1489 901 1540 964 hic
1561 903 1651 964 etium
1674 900 1795 965 dialecti
1819 902 1948 966 diverse
1969 911 2056 980 cuut;
2079 905 2163 985 prius

363 1026 443 1088 enim
466 1025 655 1106 epigramma
679 1025 775 1106 magis
798 1024 924 1086 Doricus
947 1022 1061 1085 formas
1086 1022 1220 1097 exhibet,
1240 1019 1432 1104 Ἅσκλαπίῳ,
1460 1021 1511 1096 ἄν,
1539 1036 1719 1103 quamquam
1743 1028 1792 1085 est
1813 1023 1902 1085 etium
1922 1025 2029 1106 γῆρυν,
2052 1030 2164 1105 posto-

359 1144 587 1219 010101οηί000,
612 1142 667 1225 ἢν,
694 1142 877 1225 πολιήταις,
900 1137 1105 1224 Ἀσκληπίου,
1135 1143 1186 1222 qui
1209 1141 1403 1204 Thessalicus
1426 1146 1474 1202 est
1496 1140 1615 1203 dativus
1637 1146 1670 1200 ut
1690 1155 1785 1220 supra
1808 1159 1837 1202 n.
1860 1140 1902 1204 20
1924 1148 1955 1203 et
1975 1140 2026 1205 23.
2063 1177 2096 1187 -
2132 1143 2164 1205 lu

359 1264 466 1346 priore
489 1262 708 1344 epigrammate
731 1262 831 1322 victor
853 1268 1005 1339 monetur,
1028 1268 1070 1339 ut,
1094 1259 1231 1322 laudibus
1255 1259 1390 1321 defuncti
1413 1260 1556 1341 cognitis,
1579 1258 1685 1321 eudem
1708 1266 1799 1341 atque
1821 1259 1872 1323 ille
1894 1261 1942 1323 via
1959 1262 2164 1344 ingrediatur;

359 1399 429 1445 num
451 1382 589 1463 quumvis
611 1379 691 1442 nulla
713 1398 775 1441 vox
798 1381 926 1461 (γῆρυς)
949 1382 1005 1442 sub
1028 1380 1174 1459 sepulcro
1196 1380 1247 1455 sit,
1270 1378 1391 1440 fidelem
1414 1384 1521 1441 tamen*
1535 1376 1618 1439 illum
1630 1377 1798 1458 AEsculupii
1818 1379 1986 1441 ministrum
2009 1382 2164 1462 ingentem

358 1500 489 1583 glorium
506 1504 678 1561 assecutum
699 1516 779 1575 esse,
803 1500 926 1578 etquid
950 1499 1045 1560 iustus
1073 1498 1175 1576 luerit,
1199 1499 1256 1560 iem
1280 1498 1492 1560 inuenturum
1516 1493 1594 1557 locis
1617 1496 1743 1579 degere.
1776 1498 1863 1561 Alter
1885 1503 1976 1578 poeta
1998 1499 2163 1563 {Plutonia

359 1617 545 1699 Proserpina
568 1623 600 1679 et
617 1616 727 1679 ferreis
741 1616 934 1697 Orciportis‚
958 1618 1016 1679 nisi
1044 1616 1143 1695 fallor,
1168 1618 1254 1678 initio
1279 1616 1371 1694 lactc,
1396 1614 1524 1676 eandem
1547 1617 1604 1678 viri
1627 1616 1758 1697 gloriam
1781 1617 1936 1698 predicat,
1961 1619 2009 1680 cui
2032 1625 2161 1699 propter

361 1735 493 1800 officium
516 1737 545 1798 in
570 1735 710 1798 omnibus
731 1735 825 1798 rebus
848 1742 1026 1798 constanter
1047 1742 1200 1798 servatum
1224 1742 1256 1798 et
1277 1735 1328 1797 hic
1349 1734 1484 1815 sepulcri
1502 1733 1588 1796 locus
1612 1735 1741 1798 tributus
1764 1742 1795 1800 et
1816 1736 1953 1799 honores
1974 1738 2034 1818 ipsi
2053 1745 2164 1818 poste-

361 1855 465 1937 risque
487 1855 554 1918 cius
576 1874 593 1917 u
617 1855 732 1917 civibus
758 1852 874 1916 decreti
903 1860 983 1917 sunt.

512 2308 688 2374 Olooccone
708 2311 738 2372 in
763 2311 959 2372 monasterio.

643 2430 840 2493 ΤΙΜΑΝΔΡΑ
1369 2428 1536 2511 Τιμάνδρα

686 2549 825 2613 ΜΕΝΙΟΥ
1407 2553 1537 2613 Μενίου.

1236 2834 1298 2911 15.

1204 3004 1327 3067 lhidem.

645 3139 1014 3204 ΑΘΗΝΙωΝΚΑΙΕΥΘΕΑ
1358 3134 1518 3220 Ἀθηνκρν
1539 3144 1592 3201 καὶ
1614 3136 1726 3205 clieta

644 3257 1050 3322 ΚΛΕΥΠΑΤΡΑΝΤΗΝΘΥ
1361 3258 1570 3340 Κλευπᾰτραν
1591 3258 1646 3343 τὴν
1667 3263 1732 3324 90-

643 3376 979 3441 ΓΛΤΕΡΑΜΝΗΜΗΕ
1361 3382 1481 3458 γατέρα
1501 3380 1622 3462 μνήμης

727 3496 837 3560 ΧΑΡΙΝ
1443 3497 1548 3579 χάριν.

358 3618 549 3700 Κλεοπάτρα
571 3617 627 3680 luit
648 3635 677 3679 n.
702 3616 736 3691 l;
767 3614 817 3676 liic
838 3614 1028 3693 Κλευπάτρα
1050 3614 1218 3676 seeundum
1240 3615 1387 3679 AEolicam
1411 3617 1460 3679 vel
1482 3619 1624 3681 Doricum
1647 3618 1809 3698 rationem,
1831 3638 1860 3680 v.
1883 3618 2004 3683 Aureus
2029 3620 2067 3683 de
2090 3621 2159 3686 diul.

359 3738 385 3815 l,
408 3755 438 3820 p.
462 3737 593 3817 103‚11‚
617 3755 647 3817 p.
671 3734 742 3799 215.

1235 3935 1297 4014 ld.

512 4107 685 4173 Oloocsocc
706 4108 737 4169 iu
759 4107 835 4187 tede,
859 4126 925 4188 quae
948 4112 1075 4168 vocatur
1097 4110 1269 4188 Παναγίας
1290 4112 1438 4192 κοίμησις.

643 4226 1006 4291 ΑΝΔΡΑΓΑΔΟΕΕΡΜ
1355 4223 1619 4307 Ἄνδροὶγα(θ)ος
1636 4225 1709 4311 Έρμ
1752 4275 1760 4293 .
1804 4275 1812 4292 .
1856 4274 1865 4291 .

644 4346 944 4409 ΜΝΗΜΗΕΧΑΡΙΝ
1358 4343 1480 4428 μνήμης
1498 4345 1594 4428 χάριν
1614 4347 1710 4432 (ἥρως
1728 4359 1829 4431 χαῖρε.

643 4464 970 4528 ΕΠΥΧΟΕΑΝΔΡΑ
1363 4461 1498 4544 Εὕτιρος
1515 4460 1765 4546 ’Λνδρᾰίγαθον
1787 4466 1841 4531 τὰ·

644 4582 967 4649 ΑΙΑΥΤΟΥΑΔΕΛΦ
1362 4580 1532 4654 vitamve
1560 4578 1723 4666 c’deluidv
1743 4587 1864 4670 μνήμης

644 4701 898 4766 ΧΑΡΙΝΗΡωΟΕ
1360 4701 1467 4783 χάριν.
1489 4701 1586 4786 ἧρω(ς
1604 4714 1706 4784 χαῖρε.

1235 4900 1297 4979 t't.

508 5077 652 5142 Damasia·
674 5075 712 5139 01
724 5075 903 5138 Titaresium
929 5108 962 5119 -
990 5075 1092 5157 llylcs
1114 5074 1306 5155 antiquorum
1329 5081 1437 5156 putant
1456 5075 1583 5157 -lapis
1605 5076 1769 5158 quadratus
1792 5078 1857 5141 haec
1880 5078 1971 5141 lubet
1994 5080 2156 5160 inscripta:

645 5192 910 5261 ΚΥΝΝΑΝΑΤΩΙΑ
1365 5194 1514 5259 Κυννάνα
1535 5199 1580 5281 τῷ
1601 5192 1643 5259 α’-

645 5312 909 5381 ΝΔΡΙΕΠΕΘΗΚΕ
1371 5311 1442 5396 νδρὶ
1462 5311 1614 5398 ἐπέθηκε.
