<?xml version="1.0" encoding="UTF-8"?>
<!DOCTYPE html PUBLIC "-//W3C//DTD XHTML 1.0 Transitional//EN"
    "http://www.w3.org/TR/xhtml1/DTD/xhtml1-transitional.dtd">
<html xmlns="http://www.w3.org/1999/xhtml" xml:lang="en" lang="en">
 <head>
  <title>
</title>
<meta http-equiv="Content-Type" content="text/html;charset=utf-8" />
  <meta name='ocr-system' content='tesseract 3.04.00' />
  <meta name='ocr-capabilities' content='ocr_page ocr_carea ocr_par ocr_line ocrx_word'/>
</head>
<body>
  <div class='ocr_page' id='page_1' title='image "./inscriptionesgr00ussigoog_0055.png"; bbox 0 0 5042 6442; ppageno 0'>
   <div class='ocr_carea' id='block_1_1' title="bbox 1154 664 1292 746">
    <p class='ocr_par' dir='ltr' id='par_1_1' title="bbox 1154 664 1292 746">
     <span class='ocr_line' id='line_1_1' title="bbox 1154 664 1292 746; baseline 0 0"><span class='ocrx_word' id='word_1_1' title='bbox 1154 664 1292 746; x_wconf 48' lang='lat' dir='ltr'><strong>wta</strong></span> 
     </span>
    </p>
   </div>
   <div class='ocr_carea' id='block_1_2' title="bbox 361 900 2231 3360">
    <p class='ocr_par' dir='ltr' id='par_1_2' title="bbox 361 900 2231 3360">
     <span class='ocr_line' id='line_1_2' title="bbox 363 900 2160 987; baseline 0.001 -18"><span class='ocrx_word' id='word_1_2' title='bbox 363 907 488 969; x_wconf 79' lang='lat' dir='ltr'><strong>Aristot.</strong></span> <span class='ocrx_word' id='word_1_3' title='bbox 511 907 596 969; x_wconf 89' lang='lat' dir='ltr'><strong>Polit.</strong></span> <span class='ocrx_word' id='word_1_4' title='bbox 622 906 655 983; x_wconf 89' lang='lat' dir='ltr'><strong>V,</strong></span> <span class='ocrx_word' id='word_1_5' title='bbox 675 905 704 968; x_wconf 87' lang='lat'><strong>3.</strong></span> <span class='ocrx_word' id='word_1_6' title='bbox 728 942 765 953; x_wconf 93' lang='lat'>-</span> <span class='ocrx_word' id='word_1_7' title='bbox 789 906 823 966; x_wconf 88' lang='lat' dir='ltr'><strong>V.</strong></span> <span class='ocrx_word' id='word_1_8' title='bbox 841 904 870 968; x_wconf 87' lang='lat'><strong>3.</strong></span> <span class='ocrx_word' id='word_1_9' title='bbox 894 906 1068 986; x_wconf 73' lang='lat' dir='ltr'><strong>Sequuntur</strong></span> <span class='ocrx_word' id='word_1_10' title='bbox 1090 905 1279 986; x_wconf 89' lang='lat' dir='ltr'><strong>polemarchi</strong></span> <span class='ocrx_word' id='word_1_11' title='bbox 1292 905 1497 969; x_wconf 81' lang='lat' dir='ltr'><strong>Boeotorum:</strong></span> <span class='ocrx_word' id='word_1_12' title='bbox 1525 902 1812 985; x_wconf 72' lang='grc' dir='ltr'><em>Πολεμαρχοοῖνοων</em></span> <span class='ocrx_word' id='word_1_13' title='bbox 1825 900 1986 987; x_wconf 67' lang='grc' dir='ltr'><em>Ὀνησίμοο</em></span> <span class='ocrx_word' id='word_1_14' title='bbox 2007 904 2060 971; x_wconf 81' lang='grc' dir='ltr'><strong>τοῦ</strong></span> <span class='ocrx_word' id='word_1_15' title='bbox 2075 908 2160 971; x_wconf 79' lang='grc' dir='ltr'><em>Θεο-</em></span> 
     </span>
     <span class='ocr_line' id='line_1_3' title="bbox 363 1017 2158 1104; baseline -0.001 -17"><span class='ocrx_word' id='word_1_16' title='bbox 363 1028 509 1102; x_wconf 75' lang='grc' dir='ltr'><em>γείτονος,</em></span> <span class='ocrx_word' id='word_1_17' title='bbox 526 1022 719 1089; x_wconf 70' lang='grc' dir='ltr'><em>Ἐλασίπποο</em></span> <span class='ocrx_word' id='word_1_18' title='bbox 740 1027 794 1089; x_wconf 81' lang='grc' dir='ltr'><strong>τοῦ</strong></span> <span class='ocrx_word' id='word_1_19' title='bbox 814 1025 995 1104; x_wconf 76' lang='grc' dir='ltr'><em>Ξενοοίμοο,</em></span> <span class='ocrx_word' id='word_1_20' title='bbox 1018 1028 1151 1103; x_wconf 74' lang='lat' dir='ltr'><strong>..pleon</strong></span> <span class='ocrx_word' id='word_1_21' title='bbox 1172 1017 1229 1090; x_wconf 80' lang='lat' dir='ltr'><strong>rori</strong></span> <span class='ocrx_word' id='word_1_22' title='bbox 1252 1026 1461 1098; x_wconf 72' lang='grc' dir='ltr'><em>Τελεσίπποο,</em></span> <span class='ocrx_word' id='word_1_23' title='bbox 1484 1040 1523 1084; x_wconf 87' lang='lat' dir='ltr'><strong>ex</strong></span> <span class='ocrx_word' id='word_1_24' title='bbox 1545 1024 1652 1104; x_wconf 86' lang='lat' dir='ltr'><strong>quibus</strong></span> <span class='ocrx_word' id='word_1_25' title='bbox 1672 1024 1833 1086; x_wconf 87' lang='lat' dir='ltr'><strong>Onesimus</strong></span> <span class='ocrx_word' id='word_1_26' title='bbox 1855 1024 1913 1085; x_wconf 91' lang='lat' dir='ltr'><strong>iam</strong></span> <span class='ocrx_word' id='word_1_27' title='bbox 1935 1041 1974 1085; x_wconf 85' lang='lat' dir='ltr'><strong>ex</strong></span> <span class='ocrx_word' id='word_1_28' title='bbox 1997 1024 2089 1087; x_wconf 87' lang='lat' dir='ltr'><strong>inser.</strong></span> <span class='ocrx_word' id='word_1_29' title='bbox 2108 1024 2158 1101; x_wconf 95' lang='lat' dir='ltr'><strong>lll,</strong></span> 
     </span>
     <span class='ocr_line' id='line_1_4' title="bbox 363 1140 2158 1223; baseline 0.001 -20"><span class='ocrx_word' id='word_1_30' title='bbox 363 1162 391 1203; x_wconf 90' lang='lat' dir='ltr'><strong>v.</strong></span> <span class='ocrx_word' id='word_1_31' title='bbox 416 1142 454 1205; x_wconf 88' lang='grc'><strong>13</strong></span> <span class='ocrx_word' id='word_1_32' title='bbox 477 1151 508 1207; x_wconf 89' lang='lat' dir='ltr'><strong>et</strong></span> <span class='ocrx_word' id='word_1_33' title='bbox 531 1143 699 1221; x_wconf 74' lang='lat' dir='ltr'><strong>linctus,</strong></span> <span class='ocrx_word' id='word_1_34' title='bbox 732 1151 762 1206; x_wconf 91' lang='lat' dir='ltr'><strong>ut</strong></span> <span class='ocrx_word' id='word_1_35' title='bbox 788 1143 826 1205; x_wconf 89' lang='lat' dir='ltr'><strong>de</strong></span> <span class='ocrx_word' id='word_1_36' title='bbox 848 1141 1011 1223; x_wconf 90' lang='lat' dir='ltr'><strong>supplendi</strong></span> <span class='ocrx_word' id='word_1_37' title='bbox 1034 1142 1154 1204; x_wconf 89' lang='lat' dir='ltr'><strong>ratione</strong></span> <span class='ocrx_word' id='word_1_38' title='bbox 1181 1143 1313 1205; x_wconf 91' lang='lat' dir='ltr'><strong>dubitari</strong></span> <span class='ocrx_word' id='word_1_39' title='bbox 1340 1160 1402 1205; x_wconf 92' lang='lat' dir='ltr'><strong>non</strong></span> <span class='ocrx_word' id='word_1_40' title='bbox 1432 1142 1538 1221; x_wconf 83' lang='lat' dir='ltr'><strong>possit</strong></span> <span class='ocrx_word' id='word_1_41' title='bbox 1592 1140 1809 1205; x_wconf 89' lang='lat' dir='ltr'><strong>Polemarchos</strong></span> <span class='ocrx_word' id='word_1_42' title='bbox 1837 1159 1899 1204; x_wconf 91' lang='lat' dir='ltr'><strong>non</strong></span> <span class='ocrx_word' id='word_1_43' title='bbox 1921 1161 1978 1206; x_wconf 84' lang='lat' dir='ltr'><strong>sex</strong></span> <span class='ocrx_word' id='word_1_44' title='bbox 1999 1159 2080 1220; x_wconf 88' lang='lat' dir='ltr'><strong>esse,</strong></span> <span class='ocrx_word' id='word_1_45' title='bbox 2102 1141 2158 1206; x_wconf 89' lang='lat' dir='ltr'><strong>sed</strong></span> 
     </span>
     <span class='ocr_line' id='line_1_5' title="bbox 363 1260 2158 1343; baseline 0 -21"><span class='ocrx_word' id='word_1_46' title='bbox 363 1267 436 1340; x_wconf 89' lang='lat' dir='ltr'><strong>tres,</strong></span> <span class='ocrx_word' id='word_1_47' title='bbox 458 1281 548 1343; x_wconf 85' lang='lat' dir='ltr'><strong>quum</strong></span> <span class='ocrx_word' id='word_1_48' title='bbox 571 1270 660 1326; x_wconf 88' lang='lat' dir='ltr'><strong>antea</strong></span> <span class='ocrx_word' id='word_1_49' title='bbox 683 1262 804 1325; x_wconf 90' lang='lat' dir='ltr'><strong>dubium</strong></span> <span class='ocrx_word' id='word_1_50' title='bbox 817 1267 909 1337; x_wconf 89' lang='lat' dir='ltr'><strong>esset,</strong></span> <span class='ocrx_word' id='word_1_51' title='bbox 936 1261 1005 1341; x_wconf 90' lang='lat' dir='ltr'><strong>quia</strong></span> <span class='ocrx_word' id='word_1_52' title='bbox 1018 1260 1126 1322; x_wconf 81' lang='lat' dir='ltr'><strong>Boeoti</strong></span> <span class='ocrx_word' id='word_1_53' title='bbox 1145 1267 1215 1322; x_wconf 87' lang='lat' dir='ltr'><strong>ante</strong></span> <span class='ocrx_word' id='word_1_54' title='bbox 1237 1267 1357 1341; x_wconf 88' lang='lat' dir='ltr'><strong>patrum</strong></span> <span class='ocrx_word' id='word_1_55' title='bbox 1375 1260 1497 1322; x_wconf 91' lang='lat' dir='ltr'><strong>nomina</strong></span> <span class='ocrx_word' id='word_1_56' title='bbox 1519 1260 1663 1322; x_wconf 80' lang='lat' dir='ltr'><strong>articulos</strong></span> <span class='ocrx_word' id='word_1_57' title='bbox 1685 1278 1747 1321; x_wconf 90' lang='lat' dir='ltr'><strong>non</strong></span> <span class='ocrx_word' id='word_1_58' title='bbox 1764 1261 1890 1341; x_wconf 87' lang='lat' dir='ltr'><strong>addunt,</strong></span> <span class='ocrx_word' id='word_1_59' title='bbox 1913 1260 2158 1324; x_wconf 87' lang='lat' dir='ltr'><strong>Curtianainscr.</strong></span> 
     </span>
     <span class='ocr_line' id='line_1_6' title="bbox 363 1377 2159 1463; baseline -0.001 -19"><span class='ocrx_word' id='word_1_60' title='bbox 363 1380 475 1459; x_wconf 91' lang='lat' dir='ltr'><strong>docuit,</strong></span> <span class='ocrx_word' id='word_1_61' title='bbox 498 1383 549 1443; x_wconf 91' lang='lat' dir='ltr'><strong>ubi</strong></span> <span class='ocrx_word' id='word_1_62' title='bbox 566 1399 623 1463; x_wconf 92' lang='lat' dir='ltr'><strong>pro</strong></span> <span class='ocrx_word' id='word_1_63' title='bbox 636 1382 778 1462; x_wconf 86' lang='lat' dir='ltr'><strong>genitivis</strong></span> <span class='ocrx_word' id='word_1_64' title='bbox 790 1378 940 1441; x_wconf 87' lang='lat' dir='ltr'><strong>adiectiva</strong></span> <span class='ocrx_word' id='word_1_65' title='bbox 963 1380 1172 1461; x_wconf 83' lang='lat' dir='ltr'><strong>patronymica</strong></span> <span class='ocrx_word' id='word_1_66' title='bbox 1196 1386 1275 1442; x_wconf 88' lang='lat' dir='ltr'><strong>sunt.</strong></span> <span class='ocrx_word' id='word_1_67' title='bbox 1318 1380 1446 1442; x_wconf 78' lang='lat' dir='ltr'><strong>Eretriae</strong></span> <span class='ocrx_word' id='word_1_68' title='bbox 1467 1379 1558 1439; x_wconf 89' lang='lat' dir='ltr'><strong>etiam</strong></span> <span class='ocrx_word' id='word_1_69' title='bbox 1581 1384 1643 1441; x_wconf 91' lang='lat' dir='ltr'><strong>tres</strong></span> <span class='ocrx_word' id='word_1_70' title='bbox 1666 1377 1854 1458; x_wconf 91' lang='lat' dir='ltr'><strong>polemarchi</strong></span> <span class='ocrx_word' id='word_1_71' title='bbox 1875 1385 1956 1457; x_wconf 91' lang='lat' dir='ltr'><strong>sunt,</strong></span> <span class='ocrx_word' id='word_1_72' title='bbox 1980 1378 2012 1441; x_wconf 82' lang='lat' dir='ltr'><strong>C.</strong></span> <span class='ocrx_word' id='word_1_73' title='bbox 2025 1378 2047 1441; x_wconf 98' lang='lat' dir='ltr'><strong>l.</strong></span> <span class='ocrx_word' id='word_1_74' title='bbox 2059 1377 2159 1455; x_wconf 77' lang='lat'>21443</span> 
     </span>
     <span class='ocr_line' id='line_1_7' title="bbox 363 1496 2156 1579; baseline 0.001 -19"><span class='ocrx_word' id='word_1_75' title='bbox 363 1501 509 1562; x_wconf 84' lang='lat' dir='ltr'><strong>tresviros</strong></span> <span class='ocrx_word' id='word_1_76' title='bbox 522 1500 699 1562; x_wconf 79' lang='lat' dir='ltr'><strong>Thaumacis</strong></span> <span class='ocrx_word' id='word_1_77' title='bbox 720 1497 850 1560; x_wconf 94' lang='lat' dir='ltr'><strong>vidimus</strong></span> <span class='ocrx_word' id='word_1_78' title='bbox 863 1515 956 1577; x_wconf 89' lang='lat' dir='ltr'><strong>supra</strong></span> <span class='ocrx_word' id='word_1_79' title='bbox 979 1515 1008 1559; x_wconf 94' lang='lat' dir='ltr'><strong>n.</strong></span> <span class='ocrx_word' id='word_1_80' title='bbox 1022 1497 1079 1574; x_wconf 88' lang='grc'><strong>16;</strong></span> <span class='ocrx_word' id='word_1_81' title='bbox 1101 1498 1229 1560; x_wconf 82' lang='lat' dir='ltr'><strong>Athenis</strong></span> <span class='ocrx_word' id='word_1_82' title='bbox 1243 1514 1376 1579; x_wconf 90' lang='lat' dir='ltr'><strong>quoque,</strong></span> <span class='ocrx_word' id='word_1_83' title='bbox 1399 1515 1459 1578; x_wconf 90' lang='lat' dir='ltr'><strong>quo</strong></span> <span class='ocrx_word' id='word_1_84' title='bbox 1477 1504 1618 1578; x_wconf 92' lang='lat' dir='ltr'><strong>temporo</strong></span> <span class='ocrx_word' id='word_1_85' title='bbox 1637 1497 1673 1559; x_wconf 93' lang='lat' dir='ltr'><strong>ad</strong></span> <span class='ocrx_word' id='word_1_86' title='bbox 1687 1515 1854 1577; x_wconf 86' lang='lat' dir='ltr'><strong>paucorum</strong></span> <span class='ocrx_word' id='word_1_87' title='bbox 1867 1496 2051 1560; x_wconf 89' lang='lat' dir='ltr'><strong>dominatum</strong></span> <span class='ocrx_word' id='word_1_88' title='bbox 2064 1498 2156 1561; x_wconf 90' lang='lat' dir='ltr'><strong>incli-</strong></span> 
     </span>
     <span class='ocr_line' id='line_1_8' title="bbox 362 1614 2159 1698; baseline 0.001 -20"><span class='ocrx_word' id='word_1_89' title='bbox 362 1618 453 1680; x_wconf 91' lang='lat' dir='ltr'><strong>nabat</strong></span> <span class='ocrx_word' id='word_1_90' title='bbox 468 1618 652 1698; x_wconf 84' lang='lat' dir='ltr'><strong>respublica,</strong></span> <span class='ocrx_word' id='word_1_91' title='bbox 675 1616 827 1679; x_wconf 93' lang='lat' dir='ltr'><strong>interdum</strong></span> <span class='ocrx_word' id='word_1_92' title='bbox 850 1622 923 1694; x_wconf 92' lang='lat' dir='ltr'><strong>tres,</strong></span> <span class='ocrx_word' id='word_1_93' title='bbox 946 1633 1008 1677; x_wconf 93' lang='lat' dir='ltr'><strong>non</strong></span> <span class='ocrx_word' id='word_1_94' title='bbox 1032 1616 1138 1678; x_wconf 92' lang='lat' dir='ltr'><strong>decem</strong></span> <span class='ocrx_word' id='word_1_95' title='bbox 1162 1623 1311 1697; x_wconf 71' lang='lat' dir='ltr'><strong>praetores</strong></span> <span class='ocrx_word' id='word_1_96' title='bbox 1341 1616 1533 1693; x_wconf 84' lang='lat' dir='ltr'><strong>creabantur,</strong></span> <span class='ocrx_word' id='word_1_97' title='bbox 1555 1634 1583 1676; x_wconf 89' lang='lat' dir='ltr'><strong>v.</strong></span> <span class='ocrx_word' id='word_1_98' title='bbox 1613 1615 1753 1695; x_wconf 89' lang='lat' dir='ltr'><strong>Xenoph.</strong></span> <span class='ocrx_word' id='word_1_99' title='bbox 1777 1614 1894 1678; x_wconf 89' lang='lat' dir='ltr'><strong>llellen.</strong></span> <span class='ocrx_word' id='word_1_100' title='bbox 1908 1614 1995 1694; x_wconf 81' lang='lat' dir='ltr'><strong>l,4§</strong></span> <span class='ocrx_word' id='word_1_101' title='bbox 2009 1615 2049 1679; x_wconf 91' lang='grc'><strong>10</strong></span> <span class='ocrx_word' id='word_1_102' title='bbox 2061 1623 2092 1679; x_wconf 90' lang='lat' dir='ltr'><strong>et</strong></span> <span class='ocrx_word' id='word_1_103' title='bbox 2102 1616 2159 1694; x_wconf 80' lang='lat'><strong>21;</strong></span> 
     </span>
     <span class='ocr_line' id='line_1_9' title="bbox 363 1729 2231 1817; baseline 0.002 -19"><span class='ocrx_word' id='word_1_104' title='bbox 363 1737 475 1810; x_wconf 67' lang='lat'><strong>751.</strong></span> <span class='ocrx_word' id='word_1_105' title='bbox 528 1772 561 1781; x_wconf 98' lang='lat'>-</span> <span class='ocrx_word' id='word_1_106' title='bbox 619 1737 649 1798; x_wconf 88' lang='lat'><strong>6.</strong></span> <span class='ocrx_word' id='word_1_107' title='bbox 683 1735 957 1817; x_wconf 72' lang='grc' dir='ltr'><em>γραμματεύοντος</em></span> <span class='ocrx_word' id='word_1_108' title='bbox 988 1746 1051 1809; x_wconf 80' lang='grc' dir='ltr'><em>τοῖς</em></span> <span class='ocrx_word' id='word_1_109' title='bbox 1084 1735 1297 1817; x_wconf 76' lang='grc' dir='ltr'><em>πολεμάρχοις</em></span> <span class='ocrx_word' id='word_1_110' title='bbox 1319 1735 1532 1799; x_wconf 74' lang='grc' dir='ltr'><em>Καλοκλοίόοο</em></span> <span class='ocrx_word' id='word_1_111' title='bbox 1560 1736 1615 1799; x_wconf 77' lang='grc' dir='ltr'><strong>τοῦ</strong></span> <span class='ocrx_word' id='word_1_112' title='bbox 1638 1734 1829 1817; x_wconf 78' lang='grc' dir='ltr'><strong>Φιλομήλου.</strong></span> <span class='ocrx_word' id='word_1_113' title='bbox 1869 1733 2160 1817; x_wconf 75' lang='grc' dir='ltr'><em>γραμματὶδδονως</em></span> <span class='ocrx_word' id='word_1_114' title='bbox 2226 1729 2231 1736; x_wconf 67' lang='grc'>’</span> 
     </span>
     <span class='ocr_line' id='line_1_10' title="bbox 363 1850 2161 1936; baseline -0.001 -19"><span class='ocrx_word' id='word_1_115' title='bbox 363 1874 429 1917; x_wconf 88' lang='lat' dir='ltr'><strong>cum</strong></span> <span class='ocrx_word' id='word_1_116' title='bbox 452 1854 565 1936; x_wconf 82' lang='lat' dir='ltr'><strong>duplici</strong></span> <span class='ocrx_word' id='word_1_117' title='bbox 588 1852 609 1916; x_wconf 87' lang='lat' dir='ltr'><strong>d</strong></span> <span class='ocrx_word' id='word_1_118' title='bbox 628 1854 763 1935; x_wconf 81' lang='lat' dir='ltr'><strong>vulgaris</strong></span> <span class='ocrx_word' id='word_1_119' title='bbox 776 1854 962 1916; x_wconf 88' lang='lat' dir='ltr'><strong>Boeotorum</strong></span> <span class='ocrx_word' id='word_1_120' title='bbox 985 1853 1082 1915; x_wconf 85' lang='lat' dir='ltr'><strong>torma</strong></span> <span class='ocrx_word' id='word_1_121' title='bbox 1106 1860 1167 1929; x_wconf 90' lang='lat' dir='ltr'><strong>est;</strong></span> <span class='ocrx_word' id='word_1_122' title='bbox 1191 1852 1240 1915; x_wconf 89' lang='lat' dir='ltr'><strong>hic</strong></span> <span class='ocrx_word' id='word_1_123' title='bbox 1261 1852 1394 1933; x_wconf 83' lang='lat' dir='ltr'><strong>simplex</strong></span> <span class='ocrx_word' id='word_1_124' title='bbox 1417 1852 1438 1915; x_wconf 87' lang='lat' dir='ltr'><strong>d</strong></span> <span class='ocrx_word' id='word_1_125' title='bbox 1458 1860 1505 1914; x_wconf 90' lang='lat' dir='ltr'><strong>est</strong></span> <span class='ocrx_word' id='word_1_126' title='bbox 1521 1853 1595 1914; x_wconf 92' lang='lat' dir='ltr'><strong>utin</strong></span> <span class='ocrx_word' id='word_1_127' title='bbox 1609 1850 1763 1931; x_wconf 77' lang='lat' dir='ltr'><strong>Curtium,</strong></span> <span class='ocrx_word' id='word_1_128' title='bbox 1787 1852 1868 1935; x_wconf 89' lang='lat' dir='ltr'><strong>quod</strong></span> <span class='ocrx_word' id='word_1_129' title='bbox 1886 1854 1995 1930; x_wconf 74' lang='lat' dir='ltr'><strong>iniuria</strong></span> <span class='ocrx_word' id='word_1_130' title='bbox 2008 1860 2161 1917; x_wconf 84' lang='lat' dir='ltr'><strong>mutarunt</strong></span> 
     </span>
     <span class='ocr_line' id='line_1_11' title="bbox 362 1970 2159 2053; baseline -0.002 -16"><span class='ocrx_word' id='word_1_131' title='bbox 362 1975 512 2050; x_wconf 88' lang='lat' dir='ltr'><strong>editores;</strong></span> <span class='ocrx_word' id='word_1_132' title='bbox 546 1973 719 2037; x_wconf 87' lang='lat' dir='ltr'><strong>Eustatbius</strong></span> <span class='ocrx_word' id='word_1_133' title='bbox 742 1990 864 2053; x_wconf 89' lang='lat' dir='ltr'><strong>quoque</strong></span> <span class='ocrx_word' id='word_1_134' title='bbox 886 1979 993 2034; x_wconf 89' lang='lat' dir='ltr'><strong>auctor</strong></span> <span class='ocrx_word' id='word_1_135' title='bbox 1016 1979 1077 2050; x_wconf 90' lang='lat' dir='ltr'><strong>est,</strong></span> <span class='ocrx_word' id='word_1_136' title='bbox 1111 1978 1143 2035; x_wconf 87' lang='lat' dir='ltr'><strong>et</strong></span> <span class='ocrx_word' id='word_1_137' title='bbox 1168 1970 1317 2053; x_wconf 79' lang='grc' dir='ltr'><em>γομοοὲδω</em></span> <span class='ocrx_word' id='word_1_138' title='bbox 1338 1978 1369 2032; x_wconf 89' lang='lat' dir='ltr'><strong>et</strong></span> <span class='ocrx_word' id='word_1_139' title='bbox 1389 1970 1558 2053; x_wconf 75' lang='lat' dir='ltr'><strong>yopvdddm</strong></span> <span class='ocrx_word' id='word_1_140' title='bbox 1591 1970 1701 2033; x_wconf 90' lang='lat' dir='ltr'><strong>dictum</strong></span> <span class='ocrx_word' id='word_1_141' title='bbox 1736 1973 1830 2037; x_wconf 85' lang='lat' dir='ltr'><strong>luisse</strong></span> <span class='ocrx_word' id='word_1_142' title='bbox 1863 1973 2000 2044; x_wconf 84' lang='lat' dir='ltr'><strong>(Abrens</strong></span> <span class='ocrx_word' id='word_1_143' title='bbox 2027 1973 2066 2035; x_wconf 89' lang='lat' dir='ltr'><strong>de</strong></span> <span class='ocrx_word' id='word_1_144' title='bbox 2089 1973 2159 2036; x_wconf 91' lang='lat' dir='ltr'><strong>dial.</strong></span> 
     </span>
     <span class='ocr_line' id='line_1_12' title="bbox 363 2077 2159 2175; baseline 0.001 -21"><span class='ocrx_word' id='word_1_145' title='bbox 363 2111 392 2173; x_wconf 92' lang='lat' dir='ltr'><strong>p.</strong></span> <span class='ocrx_word' id='word_1_146' title='bbox 417 2092 513 2168; x_wconf 88' lang='grc'><strong>175);</strong></span> <span class='ocrx_word' id='word_1_147' title='bbox 537 2077 673 2175; x_wconf 64' lang='lat' dir='ltr'><strong>putrido</strong></span> <span class='ocrx_word' id='word_1_148' title='bbox 694 2097 741 2154; x_wconf 88' lang='lat' dir='ltr'><strong>est</strong></span> <span class='ocrx_word' id='word_1_149' title='bbox 763 2092 794 2153; x_wconf 91' lang='lat' dir='ltr'><strong>iu</strong></span> <span class='ocrx_word' id='word_1_150' title='bbox 816 2091 910 2169; x_wconf 84' lang='lat' dir='ltr'><strong>inser.</strong></span> <span class='ocrx_word' id='word_1_151' title='bbox 934 2089 1054 2154; x_wconf 86' lang='lat' dir='ltr'><strong>Cretica</strong></span> <span class='ocrx_word' id='word_1_152' title='bbox 1077 2091 1109 2154; x_wconf 87' lang='lat' dir='ltr'><strong>C.</strong></span> <span class='ocrx_word' id='word_1_153' title='bbox 1133 2090 1155 2153; x_wconf 93' lang='lat' dir='ltr'><strong>l.</strong></span> <span class='ocrx_word' id='word_1_154' title='bbox 1178 2089 1272 2152; x_wconf 84' lang='lat'><strong>3050.</strong></span> <span class='ocrx_word' id='word_1_155' title='bbox 1316 2089 1487 2152; x_wconf 85' lang='lat' dir='ltr'><strong>Caloelidas</strong></span> <span class='ocrx_word' id='word_1_156' title='bbox 1510 2096 1559 2152; x_wconf 89' lang='lat' dir='ltr'><strong>est</strong></span> <span class='ocrx_word' id='word_1_157' title='bbox 1582 2090 1672 2152; x_wconf 89' lang='lat' dir='ltr'><strong>etiam</strong></span> <span class='ocrx_word' id='word_1_158' title='bbox 1696 2092 1728 2153; x_wconf 94' lang='lat' dir='ltr'><strong>in</strong></span> <span class='ocrx_word' id='word_1_159' title='bbox 1749 2093 1800 2171; x_wconf 93' lang='lat' dir='ltr'><strong>lll,</strong></span> <span class='ocrx_word' id='word_1_160' title='bbox 1824 2091 1874 2154; x_wconf 85' lang='grc'><strong>14.</strong></span> <span class='ocrx_word' id='word_1_161' title='bbox 1897 2126 1935 2140; x_wconf 90' lang='grc'>-</span> <span class='ocrx_word' id='word_1_162' title='bbox 1959 2092 1989 2155; x_wconf 90' lang='grc'><strong>9.</strong></span> <span class='ocrx_word' id='word_1_163' title='bbox 2012 2090 2058 2167; x_wconf 69' lang='grc' dir='ltr'><strong>οἷς</strong></span> <span class='ocrx_word' id='word_1_164' title='bbox 2073 2097 2159 2172; x_wconf 82' lang='grc' dir='ltr'><em>πρώ-</em></span> 
     </span>
     <span class='ocr_line' id='line_1_13' title="bbox 362 2206 2161 2293; baseline 0 -19"><span class='ocrx_word' id='word_1_165' title='bbox 362 2233 417 2274; x_wconf 81' lang='grc' dir='ltr'><strong>τον</strong></span> <span class='ocrx_word' id='word_1_166' title='bbox 438 2208 641 2293; x_wconf 66' lang='grc' dir='ltr'><strong>ἐστρατεύθη,</strong></span> <span class='ocrx_word' id='word_1_167' title='bbox 669 2211 688 2271; x_wconf 90' lang='lat' dir='ltr'><strong>i.</strong></span> <span class='ocrx_word' id='word_1_168' title='bbox 712 2229 741 2273; x_wconf 88' lang='lat' dir='ltr'><strong>e.</strong></span> <span class='ocrx_word' id='word_1_169' title='bbox 769 2206 801 2272; x_wconf 79' lang='lat' dir='ltr'><strong>oi</strong></span> <span class='ocrx_word' id='word_1_170' title='bbox 821 2213 948 2291; x_wconf 79' lang='grc' dir='ltr'><em>πρῶτον</em></span> <span class='ocrx_word' id='word_1_171' title='bbox 969 2209 1246 2290; x_wconf 79' lang='grc' dir='ltr'><em>στρατευσάμενοι,</em></span> <span class='ocrx_word' id='word_1_172' title='bbox 1271 2210 1384 2289; x_wconf 81' lang='lat' dir='ltr'><strong>quibua</strong></span> <span class='ocrx_word' id='word_1_173' title='bbox 1404 2211 1539 2290; x_wconf 85' lang='lat' dir='ltr'><strong>primam</strong></span> <span class='ocrx_word' id='word_1_174' title='bbox 1559 2211 1724 2274; x_wconf 80' lang='lat' dir='ltr'><strong>militatum</strong></span> <span class='ocrx_word' id='word_1_175' title='bbox 1746 2220 1791 2274; x_wconf 82' lang='lat' dir='ltr'><strong>est</strong></span> <span class='ocrx_word' id='word_1_176' title='bbox 1823 2229 1848 2272; x_wconf 88' lang='lat' dir='ltr'><strong>s.</strong></span> <span class='ocrx_word' id='word_1_177' title='bbox 1876 2212 1981 2293; x_wconf 85' lang='lat' dir='ltr'><strong>prima</strong></span> <span class='ocrx_word' id='word_1_178' title='bbox 2001 2211 2161 2293; x_wconf 77' lang='lat' dir='ltr'><strong>stipendio</strong></span> 
     </span>
     <span class='ocr_line' id='line_1_14' title="bbox 361 2327 2159 2411; baseline 0.001 -21"><span class='ocrx_word' id='word_1_179' title='bbox 361 2332 473 2393; x_wconf 86' lang='lat' dir='ltr'><strong>meriti.</strong></span> <span class='ocrx_word' id='word_1_180' title='bbox 522 2331 584 2393; x_wconf 91' lang='grc' dir='ltr'><strong>ΤΥΙ</strong></span> <span class='ocrx_word' id='word_1_181' title='bbox 608 2329 679 2409; x_wconf 85' lang='lat' dir='ltr'><strong>quid</strong></span> <span class='ocrx_word' id='word_1_182' title='bbox 702 2330 756 2404; x_wconf 92' lang='lat' dir='ltr'><strong>sit,</strong></span> <span class='ocrx_word' id='word_1_183' title='bbox 786 2328 908 2405; x_wconf 90' lang='lat' dir='ltr'><strong>nescio,</strong></span> <span class='ocrx_word' id='word_1_184' title='bbox 942 2346 1042 2409; x_wconf 89' lang='lat' dir='ltr'><strong>neque</strong></span> <span class='ocrx_word' id='word_1_185' title='bbox 1065 2329 1095 2389; x_wconf 94' lang='lat' dir='ltr'><strong>in</strong></span> <span class='ocrx_word' id='word_1_186' title='bbox 1117 2328 1262 2389; x_wconf 82' lang='lat' dir='ltr'><strong>boeotica</strong></span> <span class='ocrx_word' id='word_1_187' title='bbox 1286 2327 1416 2390; x_wconf 91' lang='lat' dir='ltr'><strong>dialecto</strong></span> <span class='ocrx_word' id='word_1_188' title='bbox 1440 2327 1660 2411; x_wconf 83' lang='lat' dir='ltr'><strong>diphthongum</strong></span> <span class='ocrx_word' id='word_1_189' title='bbox 1683 2352 1712 2393; x_wconf 81' lang='lat' dir='ltr'><strong>m</strong></span> <span class='ocrx_word' id='word_1_190' title='bbox 1735 2330 1866 2392; x_wconf 91' lang='lat' dir='ltr'><strong>inveniri</strong></span> <span class='ocrx_word' id='word_1_191' title='bbox 1889 2329 2040 2407; x_wconf 86' lang='lat' dir='ltr'><strong>arbitror,</strong></span> <span class='ocrx_word' id='word_1_192' title='bbox 2063 2347 2159 2410; x_wconf 88' lang='lat' dir='ltr'><strong>quare</strong></span> 
     </span>
     <span class='ocr_line' id='line_1_15' title="bbox 362 2446 2159 2530; baseline 0 -21"><span class='ocrx_word' id='word_1_193' title='bbox 362 2447 521 2510; x_wconf 88' lang='lat' dir='ltr'><strong>emendavi</strong></span> <span class='ocrx_word' id='word_1_194' title='bbox 543 2449 636 2522; x_wconf 86' lang='grc' dir='ltr'>ΤΥΣ;</span> <span class='ocrx_word' id='word_1_195' title='bbox 658 2446 810 2509; x_wconf 87' lang='lat' dir='ltr'><strong>Leahiana</strong></span> <span class='ocrx_word' id='word_1_196' title='bbox 832 2447 1065 2511; x_wconf 84' lang='grc' dir='ltr'><strong>ΤΥ..ΡΑΤΟΝ</strong></span> <span class='ocrx_word' id='word_1_197' title='bbox 1088 2446 1195 2523; x_wconf 90' lang='lat' dir='ltr'><strong>habet,</strong></span> <span class='ocrx_word' id='word_1_198' title='bbox 1219 2447 1301 2527; x_wconf 89' lang='lat' dir='ltr'><strong>quod</strong></span> <span class='ocrx_word' id='word_1_199' title='bbox 1324 2466 1391 2508; x_wconf 90' lang='lat' dir='ltr'><strong>cum</strong></span> <span class='ocrx_word' id='word_1_200' title='bbox 1415 2454 1520 2509; x_wconf 92' lang='lat' dir='ltr'><strong>nostro</strong></span> <span class='ocrx_word' id='word_1_201' title='bbox 1544 2450 1704 2529; x_wconf 82' lang='lat' dir='ltr'><strong>congruit3</strong></span> <span class='ocrx_word' id='word_1_202' title='bbox 1739 2448 1867 2510; x_wconf 91' lang='lat' dir='ltr'><strong>duorum</strong></span> <span class='ocrx_word' id='word_1_203' title='bbox 1890 2448 1984 2530; x_wconf 82' lang='lat' dir='ltr'><strong>igitur</strong></span> <span class='ocrx_word' id='word_1_204' title='bbox 2006 2464 2159 2510; x_wconf 89' lang='lat' dir='ltr'><strong>consensu</strong></span> 
     </span>
     <span class='ocr_line' id='line_1_16' title="bbox 363 2564 2159 2647; baseline 0.001 -21"><span class='ocrx_word' id='word_1_205' title='bbox 363 2564 467 2627; x_wconf 84' lang='lat' dir='ltr'><strong>salsum</strong></span> <span class='ocrx_word' id='word_1_206' title='bbox 490 2584 559 2628; x_wconf 90' lang='lat' dir='ltr'><strong>esse</strong></span> <span class='ocrx_word' id='word_1_207' title='bbox 582 2566 717 2629; x_wconf 86' lang='lat' dir='ltr'><strong>Curtium</strong></span> <span class='ocrx_word' id='word_1_208' title='bbox 739 2565 905 2643; x_wconf 84' lang='lat' dir='ltr'><strong>evincitur,</strong></span> <span class='ocrx_word' id='word_1_209' title='bbox 929 2565 1010 2645; x_wconf 91' lang='lat' dir='ltr'><strong>quod</strong></span> <span class='ocrx_word' id='word_1_210' title='bbox 1034 2567 1064 2627; x_wconf 95' lang='lat' dir='ltr'><strong>in</strong></span> <span class='ocrx_word' id='word_1_211' title='bbox 1092 2583 1147 2627; x_wconf 90' lang='lat' dir='ltr'><strong>sua</strong></span> <span class='ocrx_word' id='word_1_212' title='bbox 1169 2566 1405 2629; x_wconf 82' lang='grc' dir='ltr'>ΤΟΝΓΡΑΤΟΝ</span> <span class='ocrx_word' id='word_1_213' title='bbox 1434 2566 1602 2647; x_wconf 89' lang='lat' dir='ltr'><strong>scripserit.</strong></span> <span class='ocrx_word' id='word_1_214' title='bbox 1646 2566 1754 2647; x_wconf 88' lang='lat' dir='ltr'><strong>Neque</strong></span> <span class='ocrx_word' id='word_1_215' title='bbox 1776 2565 1855 2627; x_wconf 92' lang='lat' dir='ltr'><strong>istud</strong></span> <span class='ocrx_word' id='word_1_216' title='bbox 1879 2565 2026 2646; x_wconf 82' lang='lat' dir='ltr'><strong>explicari</strong></span> <span class='ocrx_word' id='word_1_217' title='bbox 2048 2573 2159 2646; x_wconf 91' lang='lat' dir='ltr'><strong>potest.</strong></span> 
     </span>
     <span class='ocr_line' id='line_1_17' title="bbox 362 2681 2159 2765; baseline 0.001 -20"><span class='ocrx_word' id='word_1_218' title='bbox 362 2681 483 2745; x_wconf 89' lang='lat' dir='ltr'><strong>Curtius</strong></span> <span class='ocrx_word' id='word_1_219' title='bbox 506 2686 622 2764; x_wconf 90' lang='lat' dir='ltr'><strong>putavit</strong></span> <span class='ocrx_word' id='word_1_220' title='bbox 635 2702 705 2748; x_wconf 87' lang='lat' dir='ltr'><strong>esse</strong></span> <span class='ocrx_word' id='word_1_221' title='bbox 717 2683 772 2747; x_wconf 79' lang='grc' dir='ltr'><strong>τὰν</strong></span> <span class='ocrx_word' id='word_1_222' title='bbox 782 2687 906 2765; x_wconf 81' lang='grc' dir='ltr'><em>πρᾶτον</em></span> <span class='ocrx_word' id='word_1_223' title='bbox 920 2682 1206 2765; x_wconf 77' lang='grc' dir='ltr'><em>ἐστροοεοοὶθησαν,</em></span> <span class='ocrx_word' id='word_1_224' title='bbox 1228 2683 1284 2746; x_wconf 88' lang='lat' dir='ltr'><strong>sed</strong></span> <span class='ocrx_word' id='word_1_225' title='bbox 1306 2702 1364 2746; x_wconf 90' lang='lat' dir='ltr'><strong>nec</strong></span> <span class='ocrx_word' id='word_1_226' title='bbox 1386 2686 1539 2765; x_wconf 88' lang='lat' dir='ltr'><strong>passivum</strong></span> <span class='ocrx_word' id='word_1_227' title='bbox 1562 2702 1619 2765; x_wconf 94' lang='lat' dir='ltr'><strong>pro</strong></span> <span class='ocrx_word' id='word_1_228' title='bbox 1642 2684 1744 2746; x_wconf 92' lang='lat' dir='ltr'><strong>medio</strong></span> <span class='ocrx_word' id='word_1_229' title='bbox 1768 2687 1841 2765; x_wconf 95' lang='lat' dir='ltr'><strong>poni</strong></span> <span class='ocrx_word' id='word_1_230' title='bbox 1865 2691 1977 2765; x_wconf 87' lang='lat' dir='ltr'><strong>potest,</strong></span> <span class='ocrx_word' id='word_1_231' title='bbox 2001 2703 2059 2747; x_wconf 90' lang='lat' dir='ltr'><strong>nec</strong></span> <span class='ocrx_word' id='word_1_232' title='bbox 2071 2686 2101 2746; x_wconf 93' lang='lat' dir='ltr'><strong>in</strong></span> <span class='ocrx_word' id='word_1_233' title='bbox 2113 2684 2159 2747; x_wconf 93' lang='lat' dir='ltr'><strong>his</strong></span> 
     </span>
     <span class='ocr_line' id='line_1_18' title="bbox 361 2801 2160 2884; baseline 0.004 -22"><span class='ocrx_word' id='word_1_234' title='bbox 361 2803 608 2882; x_wconf 90' lang='lat' dir='ltr'><strong>inscriptionibus</strong></span> <span class='ocrx_word' id='word_1_235' title='bbox 630 2802 691 2864; x_wconf 90' lang='lat' dir='ltr'><strong>ulla</strong></span> <span class='ocrx_word' id='word_1_236' title='bbox 713 2802 772 2864; x_wconf 89' lang='lat' dir='ltr'><strong>alia</strong></span> <span class='ocrx_word' id='word_1_237' title='bbox 794 2803 981 2865; x_wconf 88' lang='lat' dir='ltr'><strong>abbreviatio</strong></span> <span class='ocrx_word' id='word_1_238' title='bbox 1005 2805 1158 2864; x_wconf 91' lang='lat' dir='ltr'><strong>invenitur</strong></span> <span class='ocrx_word' id='word_1_239' title='bbox 1166 2824 1175 2878; x_wconf 85' lang='lat'>3</span> <span class='ocrx_word' id='word_1_240' title='bbox 1198 2802 1320 2865; x_wconf 82' lang='lat' dir='ltr'><strong>Ahreus</strong></span> <span class='ocrx_word' id='word_1_241' title='bbox 1343 2802 1400 2880; x_wconf 88' lang='lat' dir='ltr'><strong>(ll,</strong></span> <span class='ocrx_word' id='word_1_242' title='bbox 1424 2822 1453 2883; x_wconf 93' lang='lat' dir='ltr'><strong>p.</strong></span> <span class='ocrx_word' id='word_1_243' title='bbox 1467 2802 1559 2880; x_wconf 84' lang='grc'><strong>517),</strong></span> <span class='ocrx_word' id='word_1_244' title='bbox 1583 2822 1672 2884; x_wconf 90' lang='lat' dir='ltr'><strong>quem</strong></span> <span class='ocrx_word' id='word_1_245' title='bbox 1694 2805 1833 2884; x_wconf 87' lang='lat' dir='ltr'><strong>sequitur</strong></span> <span class='ocrx_word' id='word_1_246' title='bbox 1854 2802 1932 2881; x_wconf 84' lang='lat' dir='ltr'><strong>lleil,</strong></span> <span class='ocrx_word' id='word_1_247' title='bbox 1956 2801 2160 2884; x_wconf 76' lang='lat' dir='ltr'><strong>dorporeriaov</strong></span> 
     </span>
     <span class='ocr_line' id='line_1_19' title="bbox 361 2919 2159 3003; baseline 0.001 -22"><span class='ocrx_word' id='word_1_248' title='bbox 361 2919 473 2997; x_wconf 92' lang='lat' dir='ltr'><strong>maluit,</strong></span> <span class='ocrx_word' id='word_1_249' title='bbox 503 2920 600 2983; x_wconf 82' lang='lat' dir='ltr'><strong>forma</strong></span> <span class='ocrx_word' id='word_1_250' title='bbox 622 2940 680 2983; x_wconf 92' lang='lat' dir='ltr'><strong>nec</strong></span> <span class='ocrx_word' id='word_1_251' title='bbox 702 2921 806 2983; x_wconf 84' lang='lat' dir='ltr'><strong>Graeea</strong></span> <span class='ocrx_word' id='word_1_252' title='bbox 828 2939 887 2983; x_wconf 92' lang='lat' dir='ltr'><strong>nec</strong></span> <span class='ocrx_word' id='word_1_253' title='bbox 908 2921 1070 2997; x_wconf 82' lang='lat' dir='ltr'><strong>Boeotica3</strong></span> <span class='ocrx_word' id='word_1_254' title='bbox 1094 2939 1162 2982; x_wconf 86' lang='lat' dir='ltr'><strong>nam</strong></span> <span class='ocrx_word' id='word_1_255' title='bbox 1186 2922 1267 3002; x_wconf 93' lang='lat' dir='ltr'><strong>apud</strong></span> <span class='ocrx_word' id='word_1_256' title='bbox 1288 2922 1423 2985; x_wconf 91' lang='lat' dir='ltr'><strong>Boeotos</strong></span> <span class='ocrx_word' id='word_1_257' title='bbox 1454 2920 1473 2985; x_wconf 82' lang='lat'>3</span> <span class='ocrx_word' id='word_1_258' title='bbox 1496 2939 1577 3003; x_wconf 89' lang='lat' dir='ltr'><strong>pers.</strong></span> <span class='ocrx_word' id='word_1_259' title='bbox 1602 2922 1680 3002; x_wconf 94' lang='lat' dir='ltr'><strong>plur.</strong></span> <span class='ocrx_word' id='word_1_260' title='bbox 1709 2924 1740 2984; x_wconf 92' lang='lat' dir='ltr'><strong>in</strong></span> <span class='ocrx_word' id='word_1_261' title='bbox 1763 2940 1824 2988; x_wconf 79' lang='grc' dir='ltr'><strong>σαν</strong></span> <span class='ocrx_word' id='word_1_262' title='bbox 1845 2925 1910 2985; x_wconf 87' lang='lat' dir='ltr'><strong>exit</strong></span> <span class='ocrx_word' id='word_1_263' title='bbox 1936 2922 2014 2998; x_wconf 83' lang='lat' dir='ltr'><strong>(rid.</strong></span> <span class='ocrx_word' id='word_1_264' title='bbox 2038 2923 2112 2986; x_wconf 80' lang='lat' dir='ltr'><strong>Ahr.</strong></span> <span class='ocrx_word' id='word_1_265' title='bbox 2135 2922 2159 3000; x_wconf 93' lang='lat' dir='ltr'><strong>l,</strong></span> 
     </span>
     <span class='ocr_line' id='line_1_20' title="bbox 362 3038 2160 3120; baseline 0.002 -19"><span class='ocrx_word' id='word_1_266' title='bbox 362 3057 391 3118; x_wconf 90' lang='lat' dir='ltr'><strong>p.</strong></span> <span class='ocrx_word' id='word_1_267' title='bbox 414 3038 510 3117; x_wconf 83' lang='lat'><strong>210),</strong></span> <span class='ocrx_word' id='word_1_268' title='bbox 543 3058 601 3101; x_wconf 88' lang='lat' dir='ltr'><strong>nec</strong></span> <span class='ocrx_word' id='word_1_269' title='bbox 623 3040 720 3102; x_wconf 80' lang='lat' dir='ltr'><strong>Graeci</strong></span> <span class='ocrx_word' id='word_1_270' title='bbox 746 3057 889 3119; x_wconf 85' lang='lat' dir='ltr'><strong>unquam,</strong></span> <span class='ocrx_word' id='word_1_271' title='bbox 913 3041 1040 3120; x_wconf 93' lang='lat' dir='ltr'><strong>opinor,</strong></span> <span class='ocrx_word' id='word_1_272' title='bbox 1073 3040 1200 3101; x_wconf 81' lang='lat' dir='ltr'><strong>verbum</strong></span> <span class='ocrx_word' id='word_1_273' title='bbox 1228 3040 1320 3102; x_wconf 92' lang='lat' dir='ltr'><strong>ullum</strong></span> <span class='ocrx_word' id='word_1_274' title='bbox 1348 3042 1379 3103; x_wconf 93' lang='lat' dir='ltr'><strong>in</strong></span> <span class='ocrx_word' id='word_1_275' title='bbox 1407 3065 1491 3105; x_wconf 83' lang='grc' dir='ltr'><strong><em>ευαω</em></strong></span> <span class='ocrx_word' id='word_1_276' title='bbox 1514 3040 1700 3119; x_wconf 81' lang='lat' dir='ltr'><strong>formarunt,</strong></span> <span class='ocrx_word' id='word_1_277' title='bbox 1736 3041 1845 3103; x_wconf 88' lang='lat' dir='ltr'><strong>sedin</strong></span> <span class='ocrx_word' id='word_1_278' title='bbox 1872 3040 1982 3119; x_wconf 81' lang='grc' dir='ltr'><em>εοαζο,</em></span> <span class='ocrx_word' id='word_1_279' title='bbox 2005 3048 2038 3103; x_wconf 90' lang='lat' dir='ltr'><strong>ut</strong></span> <span class='ocrx_word' id='word_1_280' title='bbox 2059 3065 2160 3105; x_wconf 76' lang='lat' dir='ltr'><strong>aare·</strong></span> 
     </span>
     <span class='ocr_line' id='line_1_21' title="bbox 361 3155 2155 3241; baseline 0.001 -23"><span class='ocrx_word' id='word_1_281' title='bbox 361 3155 505 3234; x_wconf 79' lang='grc' dir='ltr'><strong>οκευοὶζ.</strong></span> <span class='ocrx_word' id='word_1_282' title='bbox 557 3157 771 3238; x_wconf 84' lang='lat' dir='ltr'><strong>lmperlectum</strong></span> <span class='ocrx_word' id='word_1_283' title='bbox 799 3159 888 3220; x_wconf 90' lang='lat' dir='ltr'><strong>etiam</strong></span> <span class='ocrx_word' id='word_1_284' title='bbox 916 3176 973 3238; x_wconf 93' lang='lat' dir='ltr'><strong>pro</strong></span> <span class='ocrx_word' id='word_1_285' title='bbox 996 3159 1112 3220; x_wconf 91' lang='lat' dir='ltr'><strong>aoristo</strong></span> <span class='ocrx_word' id='word_1_286' title='bbox 1136 3159 1267 3239; x_wconf 90' lang='lat' dir='ltr'><strong>positum</strong></span> <span class='ocrx_word' id='word_1_287' title='bbox 1298 3160 1445 3241; x_wconf 82' lang='lat' dir='ltr'><strong>exemplis</strong></span> <span class='ocrx_word' id='word_1_288' title='bbox 1469 3177 1597 3240; x_wconf 93' lang='lat' dir='ltr'><strong>prorsus</strong></span> <span class='ocrx_word' id='word_1_289' title='bbox 1626 3159 1733 3222; x_wconf 87' lang='lat' dir='ltr'><strong>alienis</strong></span> <span class='ocrx_word' id='word_1_290' title='bbox 1763 3158 1860 3220; x_wconf 93' lang='lat' dir='ltr'><strong>allatis</strong></span> <span class='ocrx_word' id='word_1_291' title='bbox 1890 3158 1999 3221; x_wconf 80' lang='lat' dir='ltr'><strong>trustra</strong></span> <span class='ocrx_word' id='word_1_292' title='bbox 2023 3159 2155 3221; x_wconf 79' lang='lat' dir='ltr'><strong>defendit</strong></span> 
     </span>
     <span class='ocr_line' id='line_1_22' title="bbox 363 3272 1559 3360; baseline 0.002 -22"><span class='ocrx_word' id='word_1_293' title='bbox 363 3276 427 3338; x_wconf 87' lang='lat' dir='ltr'><strong>Keil</strong></span> <span class='ocrx_word' id='word_1_294' title='bbox 451 3294 480 3357; x_wconf 90' lang='lat' dir='ltr'><strong>p.</strong></span> <span class='ocrx_word' id='word_1_295' title='bbox 505 3277 533 3338; x_wconf 87' lang='grc'><strong>9.</strong></span> <span class='ocrx_word' id='word_1_296' title='bbox 561 3310 594 3320; x_wconf 96' lang='grc'>-</span> <span class='ocrx_word' id='word_1_297' title='bbox 623 3275 672 3339; x_wconf 88' lang='grc'><strong>10.</strong></span> <span class='ocrx_word' id='word_1_298' title='bbox 691 3272 852 3352; x_wconf 56' lang='lat' dir='ltr'><strong>{iberiae</strong></span> <span class='ocrx_word' id='word_1_299' title='bbox 866 3276 1045 3359; x_wconf 76' lang='grc' dir='ltr'><em>Ἆνόρωνος</em></span> <span class='ocrx_word' id='word_1_300' title='bbox 1067 3295 1106 3339; x_wconf 83' lang='lat' dir='ltr'><strong>ex</strong></span> <span class='ocrx_word' id='word_1_301' title='bbox 1129 3276 1272 3342; x_wconf 91' lang='lat' dir='ltr'><strong>Curtiana</strong></span> <span class='ocrx_word' id='word_1_302' title='bbox 1295 3300 1323 3342; x_wconf 94' lang='lat' dir='ltr'><strong>v.</strong></span> <span class='ocrx_word' id='word_1_303' title='bbox 1346 3278 1387 3343; x_wconf 79' lang='lat'><strong>37</strong></span> <span class='ocrx_word' id='word_1_304' title='bbox 1408 3278 1559 3360; x_wconf 87' lang='lat' dir='ltr'><strong>supplevi.</strong></span> 
     </span>
    </p>
   </div>
   <div class='ocr_carea' id='block_1_3' title="bbox 1179 3662 1318 3899">
    <p class='ocr_par' dir='ltr' id='par_1_3' title="bbox 1179 3662 1318 3899">
     <span class='ocr_line' id='line_1_23' title="bbox 1179 3662 1291 3743; baseline 0 -1"><span class='ocrx_word' id='word_1_305' title='bbox 1179 3736 1182 3742; x_wconf 83' lang='lat'><strong>.</strong></span> <span class='ocrx_word' id='word_1_306' title='bbox 1228 3662 1291 3743; x_wconf 82' lang='lat'><strong>53.</strong></span> 
     </span>
     <span class='ocr_line' id='line_1_24' title="bbox 1195 3836 1318 3899; baseline -0.016 0"><span class='ocrx_word' id='word_1_307' title='bbox 1195 3836 1318 3899; x_wconf 68' lang='lat' dir='ltr'><strong>iuream.</strong></span> 
     </span>
    </p>
   </div>
   <div class='ocr_carea' id='block_1_4' title="bbox 764 3988 1614 5358">
    <p class='ocr_par' dir='ltr' id='par_1_4' title="bbox 764 3988 1614 5358">
     <span class='ocr_line' id='line_1_25' title="bbox 846 3988 1554 4054; baseline 0.004 -6"><span class='ocrx_word' id='word_1_308' title='bbox 846 4034 853 4048; x_wconf 95' lang='lat'><strong>.</strong></span> <span class='ocrx_word' id='word_1_309' title='bbox 879 3988 1554 4054; x_wconf 67' lang='lat' dir='ltr'><strong>sntaaaorrxrnrorsxnrtresrotz</strong></span> 
     </span>
     <span class='ocr_line' id='line_1_26' title="bbox 1043 4109 1267 4172; baseline -0.004 0"><span class='ocrx_word' id='word_1_310' title='bbox 1043 4109 1267 4172; x_wconf 65' lang='lat' dir='ltr'><strong>sabrina}</strong></span> 
     </span>
     <span class='ocr_line' id='line_1_27' title="bbox 845 4224 1597 4291; baseline 0.001 -4"><span class='ocrx_word' id='word_1_311' title='bbox 845 4273 852 4287; x_wconf 94' lang='lat'><strong>.</strong></span> <span class='ocrx_word' id='word_1_312' title='bbox 875 4224 1597 4291; x_wconf 66' lang='lat' dir='ltr'><strong>eoceanomannmanormrmarar</strong></span> 
     </span>
     <span class='ocr_line' id='line_1_28' title="bbox 1044 4347 1166 4411; baseline 0 -2"><span class='ocrx_word' id='word_1_313' title='bbox 1044 4347 1166 4411; x_wconf 71' lang='lat' dir='ltr'><strong>anrrz</strong></span> 
     </span>
     <span class='ocr_line' id='line_1_29' title="bbox 782 4455 1431 4529; baseline 0 -4"><span class='ocrx_word' id='word_1_314' title='bbox 782 4464 801 4525; x_wconf 83' lang='lat' dir='ltr'><strong>s</strong></span> <span class='ocrx_word' id='word_1_315' title='bbox 846 4455 1431 4529; x_wconf 70' lang='lat' dir='ltr'><strong>nromnnxmenvoxoernerr</strong></span> 
     </span>
     <span class='ocr_line' id='line_1_30' title="bbox 1046 4582 1472 4658; baseline -0.009 -10"><span class='ocrx_word' id='word_1_316' title='bbox 1046 4582 1245 4648; x_wconf 71' lang='lat' dir='ltr'><strong>carneos</strong></span> <span class='ocrx_word' id='word_1_317' title='bbox 1467 4647 1472 4658; x_wconf 78' lang='grc'>,</span> 
     </span>
     <span class='ocr_line' id='line_1_31' title="bbox 845 4696 1597 4766; baseline -0.003 -1"><span class='ocrx_word' id='word_1_318' title='bbox 845 4696 1597 4766; x_wconf 70' lang='lat' dir='ltr'><strong>aenrnrtronnonneoraemnernraz</strong></span> 
     </span>
     <span class='ocr_line' id='line_1_32' title="bbox 1043 4820 1593 4917; baseline -0.004 -35"><span class='ocrx_word' id='word_1_319' title='bbox 1043 4820 1203 4883; x_wconf 70' lang='lat' dir='ltr'><strong>ronias</strong></span> <span class='ocrx_word' id='word_1_320' title='bbox 1484 4851 1562 4917; x_wconf 68' lang='grc' dir='ltr'><strong>ΦΝΗ</strong></span> <span class='ocrx_word' id='word_1_321' title='bbox 1586 4901 1593 4914; x_wconf 26' lang='grc' dir='ltr'>ι</span> 
     </span>
     <span class='ocr_line' id='line_1_33' title="bbox 845 4936 1593 5002; baseline -0.003 -2"><span class='ocrx_word' id='word_1_322' title='bbox 845 4936 1544 5002; x_wconf 72' lang='lat' dir='ltr'><strong>nuorevaxnenmaormnoxrvraro</strong></span> <span class='ocrx_word' id='word_1_323' title='bbox 1563 4983 1593 5000; x_wconf 91' lang='lat'><strong>..</strong></span> 
     </span>
     <span class='ocr_line' id='line_1_34' title="bbox 764 5055 1228 5121; baseline 0.002 -2"><span class='ocrx_word' id='word_1_324' title='bbox 764 5055 803 5119; x_wconf 79' lang='lat' dir='ltr'><strong>to</strong></span> <span class='ocrx_word' id='word_1_325' title='bbox 1044 5057 1228 5121; x_wconf 65' lang='lat' dir='ltr'><strong>athara}</strong></span> 
     </span>
     <span class='ocr_line' id='line_1_35' title="bbox 847 5174 1614 5242; baseline -0.004 -2"><span class='ocrx_word' id='word_1_326' title='bbox 847 5174 1489 5242; x_wconf 67' lang='lat' dir='ltr'><strong>erremereoraonoxerxarona</strong></span> <span class='ocrx_word' id='word_1_327' title='bbox 1512 5220 1519 5235; x_wconf 94' lang='lat'><strong>.</strong></span> <span class='ocrx_word' id='word_1_328' title='bbox 1544 5220 1551 5235; x_wconf 91' lang='lat'><strong>.</strong></span> <span class='ocrx_word' id='word_1_329' title='bbox 1575 5222 1582 5238; x_wconf 91' lang='lat'><strong>.</strong></span> <span class='ocrx_word' id='word_1_330' title='bbox 1607 5222 1614 5237; x_wconf 94' lang='lat'><strong>.</strong></span> 
     </span>
     <span class='ocr_line' id='line_1_36' title="bbox 1047 5291 1249 5358; baseline 0 0"><span class='ocrx_word' id='word_1_331' title='bbox 1047 5291 1249 5358; x_wconf 62' lang='lat' dir='ltr'><strong>arnono}</strong></span> 
     </span>
    </p>
   </div>
   <div class='ocr_carea' id='block_1_5' title="bbox 0 0 2526 6437">
    <p class='ocr_par' dir='ltr' id='par_1_5' title="bbox 0 0 2526 6437">
     <span class='ocr_line' id='line_1_37' title="bbox 0 0 2526 6437; baseline 0 0"><span class='ocrx_word' id='word_1_332' title='bbox 0 0 2526 6437; x_wconf 95' lang='lat' dir='ltr'><strong> </strong></span> 
     </span>
    </p>
   </div>
  </div>
 </body>
</html>
