5042 6442
1025 1502 1383 1647 appendix

1174 1845 1218 1909 de

307 2150 435 2233 tabulis
451 2152 503 2231 rei
519 2152 668 2230 nauticae
684 2146 974 2249 Atheniensium,
995 2171 1084 2250 quas
1107 2145 1217 2226 edidit
1231 2148 1424 2252 Augustus
1439 2147 1644 2228 Boeclhius
1666 2150 1702 2227 in
1717 2147 1808 2227 libro
1824 2151 1884 2252 qui
1894 2144 2101 2252 ,inscribitur

635 2302 841 2381 Urbunden
859 2301 954 2381 ttber
973 2300 1050 2380 doe
1070 2298 1274 2381 Seemcsen
1293 2300 1366 2380 dea
1385 2300 1592 2477 Att’iaclteu
1611 2298 1782 2405 Stootea.
1844 2382 1858 2427 .·

860 2563 867 2597 r

1055 2606 1351 2616 ...α-...Ἣ

236 2896 238 2900 ·
307 2829 423 2954 quum
447 2900 503 2963 per
524 2864 581 2944 bos
603 2857 725 2944 ultimos
747 2897 844 2945 annos
867 2881 954 2943 novis
977 2876 1112 2961 quotidie
1139 2897 1178 2941 ex
1208 2884 1298 2942 terrae
1325 2879 1445 2962 gremio
1472 2878 1583 2942 divitiis
1611 2878 1838 2961 emergentibus
1865 2884 1946 2942 tanta
1972 2881 2101 2963 epigra-

308 3003 414 3083 plrices
436 3002 567 3066 studium
589 3002 776 3063 incrementa
799 3001 927 3081 ceperit,
951 3000 1030 3061 inter
1052 2998 1182 3060 maxima
1203 3015 1303 3079 prope
1327 2999 1489 3060 maximum
1511 2999 1609 3060 extitit
1630 2998 1680 3060 illa
1702 3014 1885 3060 marmorum
1908 2999 2013 3079 copia,
2035 3016 2102 3079 quae

309 3122 412 3184 l’iraeei
440 3122 527 3183 annis
558 3117 721 3182 1834-35
750 3120 872 3181 inventa
901 3123 956 3181 est.
1011 3114 1125 3189 Quibus
1159 3135 1176 3179 a
1203 3115 1400 3179 Ludovico
1421 3116 1561 3178 Rossio
1590 3116 1770 3196 descriptis,
1804 3115 2101 3196 admirabilitatem

306 3239 491 3305 Boeclrbii
524 3237 662 3301 doctrina
693 3238 795 3299 studio
828 3237 966 3300 acumine
988 3234 1148 3316 explicatis
1181 3242 1212 3299 et
1238 3236 1269 3297 in
1298 3234 1436 3299 ordinem
1468 3234 1618 3313 redactis,
1652 3232 1829 3329 tabularium
1862 3234 1960 3315 ipsum
1994 3234 2103 3299 navale

308 3360 538 3421 Atheniensium
561 3356 650 3420 nobis
672 3354 857 3438 patefactum
879 3354 1048 3446 uidebatur.
1093 3354 1171 3416 llinc
1193 3353 1232 3417 de
1260 3354 1381 3434 publica
1404 3354 1449 3417 rei
1468 3354 1596 3416 nauticae
1614 3353 1791 3417 ordinandae
1808 3355 1941 3433 ratione,
1963 3354 2001 3417 de
2020 3372 2104 3436 prae-

308 3477 396 3539 lectis
419 3477 568 3539 navalium
592 3482 623 3539 et
644 3473 836 3555 trierarcbis,
871 3473 909 3537 de
931 3476 1070 3555 pecuniis
1092 3473 1131 3535 ad
1159 3472 1214 3536 bas
1247 3490 1298 3536 res
1332 3473 1477 3555 expensis
1505 3471 1713 3557 similibusque
1745 3473 1846 3536 edocti
1878 3490 1999 3548 sumus;
2032 3471 2103 3535 hine

311 3595 485 3679 magnitudo
507 3595 630 3672 classis,
663 3600 737 3674 quot
769 3611 890 3675 quoque
919 3600 1058 3673 tempore
1091 3591 1172 3654 domi
1206 3590 1344 3673 lorisque
1366 3609 1459 3654 naues
1493 3590 1615 3669 luerint,
1649 3591 1757 3673 quibus
1788 3590 1977 3672 temporibus
2008 3592 2103 3654 naues

309 3714 482 3776 triremibus
504 3714 637 3775 maiores
665 3713 807 3793 usurpari
836 3717 954 3792 coepte
974 3712 1052 3788 sint,
1085 3709 1155 3773 hinc
1177 3711 1300 3791 species
1322 3712 1389 3791 ipsa
1412 3710 1602 3790 antiquarum
1625 3712 1758 3787 navium,
1792 3710 2003 3791 navaliumque
2024 3711 2103 3773 ratio

311 3840 341 3895 et
363 3834 445 3895 varia
466 3849 533 3913 quae
559 3832 590 3894 in
610 3831 756 3912 portubus
783 3830 907 3893 suerunt
932 3828 1102 3902 aedilicia*)
1124 3830 1295 3891 accuratius
1319 3829 1442 3909 cognita
1465 3834 1550 3903 sunt3
1573 3803 1725 3909 quumque
1747 3830 1806 3890 iam
1828 3835 1935 3909 aperte
1955 3830 2102 3909 scriptum

308 3951 478 4033 legeretur,
500 3951 620 4031 quinam
642 3957 705 4013 tres
728 3950 769 4011 illi
792 3954 896 4011 essent
918 3954 1024 4029 portus
1049 3946 1143 4009 clausi
1166 3947 1283 4025 Piraei,
1307 3946 1345 4009 de
1368 3947 1476 4028 quibus
1498 3965 1595 4028 usque
1617 3946 1655 4009 ad
1677 3946 1758 4008 bunc
1779 3946 1857 4009 diem
1876 3948 1953 4009 varii
1979 3964 2104 4009 errores

310 4066 411 4151 uagati
445 4077 546 4147 erant,
576 4067 731 4131 Ulricbs
763 4068 869 4131 l‘iraeei
897 4053 1131 4147 topographiam
1164 4066 1204 4128 ita
1238 4066 1426 4142 constituere
1459 4067 1572 4147 potuit,
1605 4072 1638 4128 ut
1669 4066 1728 4127 uisi
1761 4065 1792 4129 in
1825 4065 1987 4128 levissimis
2010 4067 2102 4130 rebus

310 4186 391 4250 nulla
414 4187 561 4250 dubitatio
582 4186 689 4249 relicta
709 4186 829 4261 sim).
850 4276 851 4280 Ἰ

405 4374 422 4378 -
436 4359 705 4380 ---—--L--.-..

378 4469 407 4530 ⁹)
442 4466 536 4518 llorum
551 4459 732 4520 nobilissimum
746 4468 795 4521 luit
806 4466 951 4523 Philonis
969 4470 1268 4533 armamentarium,
1291 4469 1360 4539 quod
1378 4473 1433 4521 inre
1450 4476 1567 4521 statuunt
1585 4470 1609 4521 in
1628 4465 1787 4521 meridionali
1804 4479 1877 4537 parte
1897 4474 2001 4523 maioris
2013 4482 2102 4539 portua

419 4562 423 4565 ’
444 4552 537 4615 luisse,
560 4570 591 4604 co
614 4556 668 4621 ipso
687 4556 712 4605 iu
730 4552 786 4607 loeo
801 4554 843 4606 ubi
862 4555 917 4607 baec
937 4569 1062 4605 maturare
1081 4556 1185 4605 inuenta
1204 4564 1277 4616 aunt,
1300 4570 1453 4624 quamquam
1480 4558 1628 4607 etiamnunc
1640 4554 1759 4606 Germani
1774 4555 1910 4607 Lealriauae
1928 4559 2103 4624 topographia

337 4662 342 4673 ·
443 4636 593 4704 editoreep.
606 4638 706 4705 aaosq.
720 4653 770 4691 noa
783 4642 809 4692 in
823 4642 878 4708 ipsa
891 4640 980 4692 Piraeei
993 4638 1066 4702 urbe,
1079 4638 1126 4690 sed
1140 4640 1165 4690 ln
1180 4638 1303 4690 Eetionea
1318 4640 1398 4690 luisse
1416 4638 1584 4691 contendant.
1615 4636 1716 4691 Etenim
1734 4647 1766 4690 et
1783 4640 1948 4705 σκευοθήκην
1970 4641 2003 4692 ab
2022 4640 2102 4694 ὁπλο-

442 4720 511 4793 adep
525 4721 653 4773 diversam
665 4731 765 4791 putant,
787 4726 861 4793 qaaei
874 4740 925 4777 non
938 4724 1009 4778 daie
1022 4726 1126 4776 navium
1139 4724 1217 4788 σκεύη
1229 4725 1290 4787 sint,
1304 4732 1336 4776 et
1349 4732 1432 4775 turrea
1444 4719 1501 4775 illae
1514 4722 1646 4787 rotundas,
1660 4737 1718 4792 qna
1731 4723 1809 4776 bodie
1822 4727 1847 4776 in
1860 4725 1985 4778 Redones
2005 4736 2103 4788 extant,

432 4815 550 4875 ,propter
571 4814 706 4859 etmcturaa
726 4821 809 4875 penne
830 4807 862 4860 ad
876 4807 989 4862 Philonia
1010 4818 1125 4877 tempora
1144 4810 1273 4877 pertinere
1291 4808 1394 4872 rolnnt3
1415 4810 1489 4878 quasi
1511 4824 1562 4861 non
1580 4809 1649 4860 bunc
1670 4810 1752 4876 ipsum
1765 4821 1864 4860 murum
1877 4812 1927 4862 iam
1941 4809 2105 4875 Thucydides

444 4892 513 4955 Vlll,
527 4890 561 4943 90
582 4887 610 4943 ed
633 4893 751 4945 παλαιόν
771 4892 940 4961 appellaverit
960 4892 989 4948 ni
1006 4897 1140 4966 πρότερον
1164 4893 1290 4965 ὑπάρχον
1310 4897 1396 4965 τεῖχος
1412 4890 1441 4947 τὰ
1460 4892 1529 4965 πρὸς
1545 4894 1664 4967 insopor,
1691 4902 1720 4945 ut
1741 4893 1831 4948 saltem
1853 4902 1915 4945 ante
1937 4910 2031 4946 annum
2053 4897 2100 4947 til

444 4975 599 5029 aedificatum
610 4989 669 5028 esee
682 4985 791 5028 constet.
825 4978 965 5030 sunctum
978 4987 1063 5032 autern
1076 4995 1159 5047 genua
1172 4979 1291 5049 quadrati
1308 4977 1368 5029 illud
1383 4978 1485 5048 quidem
1498 4982 1583 5048 operta
1596 4987 1650 5042 est,
1672 4978 1718 5031 aed
1736 4981 1825 5047 impari
1838 4979 1956 5031 ordinum
1968 4982 2025 5030 sire
2038 4979 2104 5031 clao-

445 5063 538 5112 riorum
552 5056 729 5125 crassitudine,
751 5058 1118 5130 qualepseudieodomon
1132 5062 1244 5133 appellat
1257 5065 1388 5115 Vitruvius
1408 5063 1440 5127 ll,
1453 5065 1480 5126 8,
1492 5065 1523 5127 d;
1547 5067 1619 5116 culus
1637 5063 1774 5130 etegenua
1792 5064 1908 5131 exempla
1926 5072 2020 5132 prater
2039 5065 2106 5116 bunc

444 5158 543 5221 murum
556 5141 734 5198 dqutbenia
752 5152 850 5209 entant,
872 5146 1003 5199 Ptolemaei
1021 5163 1079 5217 quar
1095 5158 1218 5217 putantur
1235 5149 1362 5217 gymnasii
1375 5144 1488 5216 reliquias
1509 5149 1550 5215 (r.
1562 5147 1692 5201 llodwell.
1705 5146 1827 5200 tlaeeieal
1841 5157 1899 5201 tour
1911 5148 1929 5200 l.
1944 5166 1968 5216 p.
1981 5148 2052 5214 371),
2076 5157 2109 5201 et

443 5230 636 5283 tundamentum
649 5238 742 5283 amana
754 5230 786 5283 ll.
800 5231 929 5299 Agrippa,
944 5240 972 5281 m
984 5247 1031 5298 per
1043 5242 1164 5301 qnattmr
1175 5235 1306 5285 minimum
1318 5228 1412 5283 secula
1426 5236 1549 5285 manserit
1560 5232 1617 5285 bec
1629 5231 1773 5287 udilleandi
1787 5237 1861 5287 ratio.

368 5330 413 5393 ”J
448 5330 476 5383 ln
489 5329 577 5385 libello
591 5334 634 5403 qui
648 5331 795 5385 inscribitur
809 5332 1006 5402 attentassem*
1020 5329 1051 5385 mi
1062 5332 1157 5404 μιαρὰ
1170 5338 1240 5404 τείχη
1258 5330 1455 5399 sermonem.
1489 5335 1577 5401 Ἀθην.
1593 5334 1665 5388 1843.

1707 5437 1725 5487 9
