5042 6442
1175 643 1214 725 V

306 915 562 1015 nscriptioues,
582 934 663 1015 quar
684 912 719 987 in
738 906 934 1013 parietibus
954 908 1166 1012 templorum
1194 923 1247 1003 πῆς
1271 919 1502 1001 oavrpeptm
1523 918 1561 986 et
1579 922 1633 985 mr
1653 914 1746 1000 tyno
1765 924 1940 1005 Apsoros
1959 918 2093 1010 extant,

301 1121 371 1178 non
393 1098 590 1204 descripsi;
620 1105 846 1178 monumenta
876 1090 1042 1173 videbam
1073 1099 1226 1176 omnium
1247 1093 1363 1173 oculis
1384 1097 1557 1198 exposita,
1587 1098 1621 1173 in
1651 1093 1742 1175 urbe
1763 1094 1960 1177 Thessalia
1980 1098 2093 1201 pro'pe

301 1290 471 1384 maxima,
501 1311 608 1391 quam
637 1283 699 1363 vel
729 1280 906 1380 beslius,
936 1278 1231 1384 diligentissimus
1261 1277 1322 1362 ille
1353 1284 1612 1385 investigator,
1641 1285 1775 1385 saepius
1804 1285 1995 1385 inviserat,
2023 1309 2093 1365 noc

301 1479 401 1553 viros
430 1472 556 1552 doctos
585 1495 629 1550 ea
659 1469 801 1574 fugisse
831 1467 1020 1572 putabam3
1050 1472 1182 1548 utinam
1212 1493 1259 1548 ue
1290 1491 1356 1547 eos
1387 1466 1538 1571 fugiant,
1568 1470 1628 1571 qni
1658 1478 1741 1570 post
1769 1468 1935 1548 venient!

499 1655 746 1737 Consideranti
768 1654 865 1755 mibi,
895 1678 1049 1757 quonam
1069 1653 1176 1735 modo
1196 1654 1275 1733 bec
1294 1653 1514 1734 commodius
1534 1654 1664 1759 publici
1685 1657 1772 1734 iuris
1792 1653 1934 1759 fierent,
1964 1655 2092 1739 Tibine

302 1849 475 1924 mitterem
506 1854 542 1922 et
572 1841 739 1941 Frauzio,
768 1851 808 1920 ut
840 1844 875 1920 in
905 1839 1092 1923 Addendis
1123 1838 1294 1946 forporls
1324 1842 1594 1944 lnscriptiouum
1625 1839 1839 1944 ederentur,
1869 1868 1914 1923 an
1944 1843 2093 1926 aliorum

300 2033 462 2134 exempla
492 2039 642 2109 secutus
670 2038 836 2131 separato
863 2028 986 2109 libello
1006 2026 1239 2133 publicarem,
1270 2028 1339 2107 boc
1359 2028 1511 2132 pretuli,
1540 2053 1612 2109 non
1644 2026 1740 2133 quod
1770 1980 1879 2107 morae
1908 2034 2093 2134 impatiens

299 2241 406 2322 quarn
426 2218 574 2318 primurn
594 2217 680 2294 viris
700 2214 814 2295 doctis
833 2215 913 2295 brec
931 2224 1013 2294 uota
1033 2240 1119 2295 esse
1139 2214 1404 2321 cuperem,tsed
1424 2218 1507 2320 quia
1528 2214 1667 2295 referre
1687 2213 1818 2320 aliquid
1833 2216 2092 2321 intelligebam,

300 2415 339 2482 ut
375 2401 420 2481 ab
459 2400 587 2481 eodem
624 2405 685 2506 qni
723 2406 799 2507 ipsa
835 2413 1062 2482 monumenta
1097 2400 1250 2481 vidisset
1288 2413 1325 2482 et
1353 2401 1628 2506 descripsisset,
1672 2400 1816 2506 publico
1855 2402 2092 2486 traderentur.

310 2590 405 2683 Quin
436 2591 541 2669 buius
570 2592 720 2693 generis
751 2587 858 2668 libelli
889 2594 1051 2692 quamvis
1082 2614 1208 2669 omnes
1238 2592 1273 2669 in
1294 2587 1435 2693 Corpus
1461 2588 1729 2692 fusoriptiounm
1758 2599 1799 2667 ut
1825 2592 1892 2669 rivi
1918 2595 1953 2671 in
1980 2616 2094 2673 ocea-

300 2803 384 2857 ιιιιιιι
415 2778 611 2878 conferant,
643 2788 762 2855 tamen
791 2798 863 2854 non
893 2774 938 2854 ab
968 2778 1011 2855 iis
1039 2776 1128 2855 solis
1155 2775 1230 2879 legi
1250 2774 1430 2876 videbam,
1459 2778 1519 2880 qui
1539 2778 1655 2880 ipsum
1676 2773 1817 2881 Corpus
1837 2776 2090 2882 perlegissent.

299 2966 434 3045 bfultos
463 2963 535 3042 vidi
565 2988 694 3066 magna
725 2961 784 3041 illa
814 2963 909 3041 mola
939 2961 1128 3042 deterritos
1158 2960 1355 3042 minoribus
1384 2960 1495 3042 rebus
1524 2965 1640 3067 magis
1676 2962 1858 3065 gaudere,
1903 2968 2092 3046 nonnullos

298 3155 403 3231 etiam
433 3154 574 3256 antiqua
604 3148 739 3255 dinque
769 3152 913 3251 cognita
943 3160 1177 3253 spernentes,
1217 3173 1311 3227 nova
1341 3160 1378 3227 et
1406 3147 1538 3227 inedita
1575 3148 1704 3253 cupide
1733 3102 2010 3254 amplectentes,
2047 3179 2090 3234 ea

298 3341 496 3442 presertim
526 3342 562 3418 in
593 3364 657 3440 re,
699 3361 782 3442 qun
811 3340 926 3440 primo
955 3347 1104 3441 aspectu
1142 3334 1284 3416 horride
1321 3348 1357 3414 et
1393 3332 1529 3439 hispida
1559 3335 1741 3438 videatur,
1785 3361 1855 3416 nec
1883 3340 1950 3416 nisi
1981 3342 2090 3442 prima

297 3530 364 3604 ista
394 3528 557 3628 egressis
588 3524 726 3605 fructus
754 3522 979 3629 polliceatur.
1029 3521 1150 3617 Quare
1180 3548 1290 3628 quum
1321 3524 1390 3603 boc
1420 3547 1566 3629 quoqne
1597 3522 1720 3603 libello
1751 3522 1829 3603 fieri
1859 3547 1968 3629 posse
1997 3553 2090 3633 spe·

297 3736 427 3813 raram,
456 3722 496 3791 ut
524 3708 805 3790 adolescentium
835 3709 951 3790 studia
981 3708 1026 3789 ad
1056 3709 1122 3789 bas
1153 3735 1213 3789 res
1242 3714 1496 3811 excitarentur,
1526 3720 1565 3791 ut
1594 3710 1663 3790 boo
1691 3714 1792 3814 quasi
1815 3714 1975 3792 tirocinio
1997 3715 2091 3795 facto

297 3902 428 3977 maiora
448 3896 621 4001 deinceps
646 3893 833 3998 auderent,
862 3920 955 4001 opus
975 3921 1177 4002 aggressus
1207 3922 1286 3977 sum
1318 3896 1466 3977 arduum
1496 3922 1585 3978 sane
1614 3922 1658 3976 ac
1686 3896 1846 3999 difficile,
1876 3910 1915 3978 ut
1935 3902 2090 4005 iuscrip-

298 4089 415 4162 tiones
460 4082 607 4163 ederem
645 4093 682 4161 et
724 4085 988 4187 interpretarer.
1059 4081 1139 4163 Nec
1174 4109 1233 4163 me
1271 4084 1455 4188 fugiebat,
1499 4108 1647 4166 summa
1684 4084 1853 4163 doctrine
1890 4089 2089 4190 summique

298 4270 433 4370 ingenii
463 4293 538 4347 rem
569 4295 671 4348 esse.
746 4268 800 4349 'fe
830 4272 1000 4375 quotiens
1037 4269 1228 4350 admiratus
1258 4296 1379 4372 eram,
1423 4272 1483 4350 vel
1524 4275 1658 4376 ingenii
1689 4270 1863 4349 felicitate
1888 4271 2089 4357 deficientia

298 4397 557 4557 restituentem,
586 4456 648 4536 vol
677 4455 840 4537 ubertate
869 4454 1040 4536 doctrine
1070 4460 1126 4535 cui
1157 4457 1253 4535 nulla
1283 4461 1498 4561 antiquitatis
1528 4482 1610 4560 pars
1640 4462 1761 4562 ignota
1792 4471 1905 4559 esset,
1936 4460 2088 4543 obscura

298 4642 607 4745 interpretantem!
628 4640 764 4723 Verum
780 4640 1034 4747 discipulorum
1056 4667 1142 4721 esse
1158 4641 1338 4747 putabam,
1358 4653 1397 4723 ut
1416 4645 1607 4747 magistros
1622 4645 1885 4744 aemularentur,
1904 4672 1974 4727 nec
1987 4676 2088 4729 snam

295 4828 450 4931 gloriam
481 4830 610 4928 secuti,
640 4854 710 4907 nec
738 4833 769 4910 si
800 4830 910 4908 multo
940 4829 1029 4907 infra
1059 4827 1242 4909 secundos
1271 4829 1524 4931 subsisterent,
1554 4831 1710 4934 solliciti,
1739 4829 1806 4912 sed
1839 4832 1983 4938 siquid
2014 4838 2088 4939 ipsa

297 5039 357 5094 res
395 5013 588 5119 proliceret
626 5019 806 5116 coutenti3
851 5024 1109 5121 promoventur
1149 5025 1268 5096 autem
1312 5040 1439 5097 omnes
1469 5044 1543 5121 res,
1580 5042 1653 5123 quo
1690 5013 1805 5119 magls
1838 5021 1946 5099 variis
1975 5022 2088 5100 oeulis

295 5200 578 5303 considerantur,
607 5206 715 5281 variis
744 5201 869 5283 studiis
899 5213 1099 5286 bactantur.
