5042 6442
1186 717 1189 724 .
1231 660 1288 742 36

1232 901 1296 981 32

1199 1075 1323 1140 Ibidem.

757 1204 1005 1269 ΛΟΥΚΙΟΣΔΙΟ
1359 1201 1497 1278 Λούκιος
1517 1207 1596 1268 Aeu-

758 1324 991 1388 ΝΥΣΙΑΝΤΗΝΕ
1359 1325 1470 1388 rualem
1492 1318 1547 1405 τήν
1573 1319 1609 1386 ἑ-

758 1442 999 1509 ΑΥΤΟΥΣΥΜΒΙ
1360 1444 1456 1506 αυτοῦ
1477 1438 1588 1522 σύμβι-

758 1560 998 1624 ΟΝΜΝΕΙΑΣΧΑ
1358 1581 1397 1622 ον
1416 1562 1530 1641 μνείας
1548 1560 1611 1641 χά-

757 1678 1077 1743 ΡΙΝΗΡΩΣΧΡΗΣΤΕ
1357 1699 1417 1759 ριν.
1452 1678 1552 1760 Ἡρως
1570 1682 1681 1761 χρηστὲ

841 1798 947 1860 ΧΑΙΡΕ
1440 1807 1540 1878 χαῖρε.

509 1950 541 2011 ln
564 1948 690 2011 muliere
713 1950 840 2029 proprie
862 1944 955 2034 ἡρωΐς
976 1949 1136 2011 dicendum
1160 1956 1236 2027 eret,
1258 1954 1292 2011 ut
1303 1947 1354 2025 32,
1377 1948 1433 2011 sed
1454 1949 1567 2030 sepius
1588 1949 1739 2013 retinetur
1759 1949 1924 2012 musculiue
1947 1948 2044 2011 formu
2066 1948 2156 2034 ἥρως,

361 2077 392 2131 nt
413 2068 451 2132 31
464 2089 473 2145 ;
497 2069 544 2131 cui
567 2085 635 2130 curn
657 2066 838 2130 adieetivum
861 2067 998 2146 additur,
1020 2085 1092 2130 rure
1115 2066 1251 2130 lerninini
1274 2069 1399 2150 generis
1424 2073 1486 2145 est,
1505 2068 1636 2154 χρηστή,
1658 2074 1691 2131 ut
1713 2068 1746 2132 C.
1769 2068 1791 2131 l.
1815 2067 1914 2148 1789,
1947 2066 2050 2131 Leuke
2073 2084 2102 2129 n.
2127 2067 2158 2147 9,

361 2187 539 2267 plerumque
561 2185 737 2264 masculini,
758 2190 876 2270 χρησιέ,
899 2192 931 2246 ut
951 2185 1013 2248 boc
1033 2186 1114 2249 loeo.

1229 2470 1293 2550 34.

1190 2625 1316 2689 Ibidem.

758 2778 984 2842 ΑΙΘΡΑΗΡΑΙΣ
1356 2782 1475 2862 Αἴθρα
1491 2775 1601 2861 Ἡραΐς
1628 2728 1636 2750 ⁹

757 2898 966 2962 ΣΟΠΑΤΡΑΣ
1358 2897 1542 2979 Σοπάτρας.

758 3015 1016 3081 erroneum
1356 3014 1431 3101 ἦρος
1449 3022 1560 3102 χρηστὲ

842 3136 949 3199 xum
1440 3147 1541 3218 χατρε.

509 3293 603 3356 bliror
632 3316 649 3357 ο
672 3309 731 3374 pru
751 3314 777 3353 ω
805 3290 936 3371 pesitum
964 3286 995 3348 in
1017 3293 1076 3349 turn
1105 3290 1222 3351 recenti
1250 3288 1349 3368 tilulo,
1372 3287 1412 3351 ei.
1434 3306 1464 3350 n.
1486 3287 1538 3350 40.
1591 3290 1706 3354 Aethra
1728 3293 1867 3377 Sopatrae
1893 3294 1953 3358 lilia
1971 3288 2078 3372 Ἠραΐς
2099 3296 2156 3365 est,

297 3382 302 3392 ¹
361 3416 379 3475 i.
404 3433 431 3477 e.
455 3432 494 3475 ex
516 3412 623 3475 lleraee
645 3409 783 3474 Arcadiae
805 3409 890 3471 urbe.

1231 3724 1296 3805 35.

511 3900 634 3963 ibidem.
677 3898 749 3973 Quae
770 3916 865 3981 supra
887 3897 992 3960 literas
1016 3897 1192 3980 anaglypho
1216 3916 1313 3980 opere
1336 3917 1486 3981 expressa
1508 3907 1606 3980 erent,
1629 3903 1791 3962 eraserunt
1814 3898 1913 3961 Turei.

757 4052 967 4118 ΑΘΡΕΠΤΗΕ
1352 4047 1539 4138 uentum.

509 4189 626 4251 Novum
649 4207 760 4252 nomen
782 4189 890 4252 lexicis
920 4187 1054 4251 accedat.

1228 4468 1292 4552 36.

1199 4642 1322 4707 ibidem.

759 4774 995 4842 t'tbPOAtctn
1357 4770 1545 4861 Ἀφροδισία

758 4893 1024 4959 ΓΥΝΗΑΝΤΙΡΟΕ
1358 4892 1435 4981 γυνὴ
1449 4894 1637 4978 Ἄντιφος.

509 5048 622 5114 Titulus
645 5047 907 5131 negligentissime
929 5049 1062 5129 scriptus
1070 5067 1079 5125 3
1104 5048 1126 5111 Γ
1148 5068 1166 5111 e
1187 5049 1325 5114 seeundo
1348 5066 1440 5113 versu
1462 5067 1519 5130 per
1542 5068 1680 5116 errorem
1704 5052 1839 5133 operarii
1861 5052 1891 5114 in
1915 5052 2019 5133 priore
2041 5060 2158 5118 temere

362 5172 533 5253 repetitum.
577 5171 717 5250 Ανιιρος
737 5165 808 5248 quid
829 5167 886 5247 eit,
914 5168 1043 5249 igneum
1068 5163 1213 5249 Ἀνπγος
1233 5168 1398 5253 legendum
1420 5168 1556 5248 uidetur,
1590 5189 1658 5235 narn
1680 5170 1781 5242 Antis
1804 5170 1941 5235 Curicum
1964 5188 2076 5236 nornen
2100 5180 2159 5253 est,

362 5309 390 5352 v.
413 5290 505 5372 corp.
527 5290 622 5353 luter.
644 5304 674 5349 n.
696 5285 788 5351 2⁷00.
811 5306 838 5349 c.
