5042 6442
512 1081 914 1147 ΑΠΑΝΓΕΛΛΕΙΟΚΟΣΜΗ
1144 1159 1147 1165 ⁴
1393 1074 1589 1157 ἀπαγγέλλει
1612 1074 1631 1143 ὅ
1651 1080 1820 1164 κοσμη(τὴς

483 1199 876 1266 ΕΡΤΗΣΘΥΣΙΑΣΕΣΕΘΥ
898 1247 905 1262 .
1391 1192 1489 1278 orote
1511 1200 1565 1281 τῆς
1586 1200 1703 1272 θυσίας
1725 1192 1793 1281 (ὣς
1813 1195 1949 1274 {Mosa

514 1319 915 1384 ΣΤΙΑΙΚΑΙΤΟΙΣΑΛΛΟΙΣ
1391 1321 1427 1405 τῇ
1443 1310 1564 1397 ‘Bloztp
1585 1321 1638 1379 zoi
1659 1328 1721 1391 τοῖς
1744 1315 1855 1393 ἄλλοις
1876 1319 1985 1393 (θεοῖς

546 1436 959 1502 ΝΑΙΚΟΝΚΑΙΤΩΝΦΙΛΩΝ
1390 1437 1563 1548 γυναικοῖν
1583 1439 1636 1497 καὶ
1656 1436 1717 1500 αὖα
1736 1437 1839 1517 φίλων

399 1559 417 1616 5
630 1562 653 1620 Α
681 1556 989 1620 ΑΓΑΘΗΙΤΥΧΗΙΔΕ
1306 1556 1324 1614 5
1515 1549 1631 1644 α’γαθῇ
1651 1554 1724 1645 τύχῃ
1745 1551 1919 1634 δε(δόχθατ

704 1672 970 1739 immittit
1515 1696 1557 1735 ata
1578 1690 1713 1754 σωτηρια
1734 1675 1785 1762 τ(ᾔ
1806 1673 1899 1737 πόλει

755 1795 943 1859 ΤΟΝΚΟΣΜ
1590 1788 1645 1855 τὸν
1664 1790 1836 1874 sompnia

507 1997 720 2079 Fragmentum
750 1996 865 2059 decreti
892 1997 922 2058 in
950 1995 1098 2058 honorem
1129 2003 1271 2059 cosmetae
1301 1994 1474 2071 cuiusdam,
1508 2001 1541 2055 ut
1566 1994 1698 2070 videtur,
1728 1993 1808 2055 lacti.
1862 1992 1906 2054 lle
1928 1991 1987 2055 hoc
2015 1996 2155 2075 principe

359 2119 588 2198 gymnasiorum
611 2116 787 2196 magistratu
811 2114 870 2177 vid.
892 2115 989 2179 Franz
1002 2114 1147 2177 Element.
1161 2113 1327 2195 Epigraph.
1340 2131 1369 2193 p.
1382 2114 1443 2175 255
1467 2112 1505 2174 ad
1527 2129 1660 2175 marmor
1682 2111 1755 2174 illud
1768 2112 1945 2176 Oxoniense
1967 2112 2018 2187 (C.
2032 2111 2153 2188 mill).

360 2236 443 2297 cuius
466 2234 525 2297 hoc
547 2236 681 2297 initium:

708 2352 829 2415 Εἷκόνα
851 2350 941 2435 τήνδε
965 2354 1128 2426 moestum
1150 2350 1185 2415 ἐν
1207 2347 1372 2436 εὔφήβοισι
1393 2353 1606 2431 παλαίστραις

755 2470 863 2548 τεύξας
885 2474 1038 2553 κοσμητοῦ
1061 2470 1184 2554 θήκατο
1206 2470 1422 2554 Νυμφοδότου,

357 2593 387 2652 in
412 2609 472 2672 quo
496 2590 567 2653 illud
590 2607 716 2653 mouere
739 2590 838 2667 liceat,
862 2584 1025 2673 εὗφήβοισι
1048 2606 1107 2650 nou
1132 2588 1293 2673 ἕφήβοισι,
1317 2588 1372 2651 sed
1395 2584 1531 2672 εύήβοισι
1558 2588 1788 2670 intelligendum
1811 2606 1890 2653 esse.

1231 2874 1293 2952 68.

757 3045 878 3112 ΕΓΟ
911 3052 919 3111 Ι
953 3047 1071 3110 ΚΟΝ
1477 3046 1607 3110 ἔποικον

716 3164 1194 3231 ΕΞΓΟΤΙΔΑΙΑΝ
1440 3162 1682 3241 ἕςΠοτίδαταν.

1181 4143 1335 4225 its-76.

511 4346 557 4408 Ab
587 4347 705 4409 oriente
728 4346 914 4410 Athenarum
940 4348 1020 4411 inter
1042 4366 1142 4413 arcem
1173 4359 1203 4414 et
1223 4351 1419 4433 Lycabettum
1443 4356 1591 4428 montem,
1625 4351 1656 4412 in
1685 4368 1721 4411 ea
1752 4348 1817 4410 lere
1846 4350 1975 4430 regione
1998 4348 2047 4410 ulii
2072 4350 2153 4409 anti-

360 4465 460 4545 quitus
483 4463 538 4526 luit
562 4462 759 4548 Cynosarges
780 4468 988 4548 gymnasium,
1022 4468 1225 4532 Romanorum
1249 4477 1350 4534 autem
1373 4469 1591 4550 imperatorum
1618 4474 1758 4549 tempore
1781 4466 1879 4530 Nouoe
1900 4466 2045 4544 Athene,
2079 4483 2154 4546 quas

359 4582 493 4662 appellat
515 4582 618 4645 titulus
641 4584 834 4665 aqueductus
856 4586 1014 4665 Antonini,
1037 4588 1066 4648 iu
1090 4607 1137 4665 ea,
1161 4589 1294 4670 inquam,
1317 4590 1447 4671 regione
1470 4605 1561 4670 quum
1584 4605 1695 4650 novum
1708 4586 1988 4669 RegisGmccorum
2011 4585 2154 4665 palatium

359 4699 574 4776 aedificaretur,
598 4720 660 4764 non
682 4721 779 4784 pauca
802 4704 986 4785 antiquitatis
1009 4707 1138 4788 vestigia
1160 4699 1377 4788 apparuerunt.
1431 4707 1558 4786 llagnus
1579 4706 1791 4787 sepulcrorum
1814 4722 1973 4780 uumerus,
1997 4702 2072 4765 licet
2094 4719 2154 4762 non

358 4826 485 4882 remotae
507 4821 701 4901 antiquitatis,
724 4828 810 4884 extra
833 4822 936 4885 urbem
959 4824 1039 4885 hunc
1057 4823 1158 4887 locum
1178 4824 1273 4888 luisse
1290 4824 1440 4887 ostendit:
1464 4825 1504 4886 ibi
1523 4826 1637 4887 inventi
1654 4831 1726 4888 sunt
1742 4822 1819 4885 tituli
1836 4823 2026 4904 sepulcrales
2040 4821 2153 4883 70-76.

359 4937 499 5019 Atergo
522 4946 621 5002 autem
646 4939 748 5021 palatii
772 4939 931 5022 magnilica
954 4944 1124 5022 pavimenta
1153 4942 1343 5022 lithostrota,
1377 4944 1493 5023 piscina
1529 4943 1771 5025 elegantissima,
1806 4942 1913 5008 fistule
1936 4939 2073 5020 aquales,
2096 4937 2155 4999 alia

360 5062 464 5118 extant
484 5074 662 5139 magnarum
683 5058 791 5122 edium
812 5058 935 5137 indicia,
958 5061 1024 5123 sive
1046 5060 1186 5123 balneum
1209 5061 1360 5142 publicum
1384 5061 1450 5137 luit,
1473 5062 1539 5124 sive
1557 5060 1639 5142 quod
1656 5062 1757 5142 potius
1770 5061 1904 5138 credam,
1927 5058 1996 5121 villa
2019 5056 2155 5137 quaedam

359 5172 540 5237 suburbana.
597 5176 639 5237 lbi
662 5176 762 5257 Aprili
791 5176 1001 5241 meuse1846
1029 5180 1246 5259 inscriptiones
1268 5180 1310 5244 69
1331 5188 1362 5243 ct
1384 5181 1425 5244 70
1447 5181 1578 5244 inuentae
1600 5187 1678 5242 sunt.
1735 5179 1847 5242 Omnes
1874 5177 1967 5240 hodic
1996 5179 2025 5237 in
2057 5176 2154 5237 hortis

361 5290 463 5374 Regiis
485 5297 654 5359 servantur.
