5042 6442
1233 630 1264 712 8

423 869 435 892 ·
549 881 584 944 v.
612 877 741 943 re-ro.
786 878 850 941 see
877 894 986 957 aprum
1009 872 1186 955 petreum,
1220 872 1388 936 aaronem
1416 881 1444 934 n
1471 869 1671 955 eremana
1697 849 2154 944 „commentarienses

346 1012 381 1068 ut
400 1021 461 1086 pro
483 1001 642 1081 mancipio
666 997 778 1065 babeat
801 1013 938 1081 emptor,
968 993 1117 1075 quamdiu
1143 994 1285 1056 ciuitatis
1312 992 1484 1054 communio
1507 999 1566 1054 errt
1587 993 1670 1053 inter
1696 991 1850 1054 Perenses
1875 998 1905 1052 et
1933 988 2155 1063 ilelitaenses,

291 1147 301 1170 ·
347 1122 404 1188 sed
426 1120 599 1184 licitatione
621 1118 745 1181 locante
767 1123 802 1175 ut
824 1122 926 1175 antea.

549 1238 616 1299 Duo
640 1235 691 1316 qui
717 1234 910 1294 nominantur
931 1230 998 1312 agri
1021 1230 1144 1310 publici,
1170 1232 1235 1293 eius
1260 1231 1403 1291 ridentur
1425 1231 1563 1311 regionis
1585 1246 1667 1307 esse,
1690 1247 1757 1309 quae
1781 1228 2010 1291 Melitaecnsium
2032 1245 2072 1292 an
2094 1228 2156 1290 Pa·

348 1359 483 1423 sensium
507 1363 599 1432 esset,
625 1352 828 1425 dubitabatur;
851 1348 1086 1413 urbicensibus
1110 1368 1164 1412 eos
1188 1350 1361 1412 adiudicant
1383 1348 1499 1424 arbitri,
1525 1349 1566 1412 ita
1589 1353 1690 1409 tamen
1712 1353 1746 1407 ut
1767 1347 1886 1426 publici
1901 1354 2054 1425 maneant,
2077 1365 2155 1428 quos

351 1480 441 1544 etiam
464 1477 615 1540 Perenses
638 1474 758 1556 quoties
781 1468 924 1532 licitando
947 1449 1224 1546 vicerint,'cmant.

552 1594 600 1656 14.
646 1590 819 1662 Μελιταεῖς
839 1589 1015 1650 scribuntur
1041 1594 1072 1649 el
1094 1589 1296 1663 Μελιταιεῖς,
1326 1592 1360 1648 ul
1385 1591 1535 1660 nornen,
1558 1581 1697 1664 Ἡραεῖς,
1731 1587 1892 1661 Φωκαεῖς,
1928 1590 2094 1670 Hesperie,
2125 1601 2158 1655 m

349 1711 533 1787 Πλαταϊκός
554 1720 585 1773 et
610 1704 813 1784 Πλαταιικὸς,
838 1724 929 1789 quum
952 1731 986 1768 cn
1010 1714 1080 1767 ante
1104 1732 1115 1767 ι
1139 1715 1169 1769 et
1191 1731 1218 1769 er
1242 1706 1383 1769 facillime
1407 1706 1437 1767 iu
1461 1730 1483 1767 α
1505 1712 1655 1781 transeat,
1680 1723 1708 1765 v.
1730 1704 1855 1769 Lobecir
1878 1709 1916 1771 ad
1939 1710 2102 1792 Phryniclr.
2125 1730 2155 1793 p.

349 1834 401 1899 41.
425 1866 460 1879 -·
486 1835 640 1915 πατρῴαν
663 1830 681 1892 i.
706 1846 733 1891 e.
761 1819 932 1888 hereditate
955 1845 971 1887 a
998 1827 1075 1905 patri
1099 1832 1275 1906 acceptum,
1298 1843 1360 1905 quo
1383 1824 1507 1887 domino
1530 1823 1601 1885 iicet
1624 1842 1682 1904 pro
1705 1825 1833 1887 arbitrio
1856 1828 1908 1888 uti.

552 1950 600 2011 15.
645 1940 713 2012 κατ’
726 1944 896 2020 miseratos,
929 1944 972 2006 ad
999 1944 1202 2008 licitationem
1234 1946 1430 2024 interpretor.
1487 1943 1711 2007 substantivum
1737 1962 1809 2009 esse
1832 1955 1906 2027 puto
1939 1944 1995 2011 τὰν
2023 1943 2159 2014 circinu-

259 2103 263 2108 ·
349 2071 466 2137 iasab
489 2066 669 2133 inanditae
691 2066 859 2127 derivatum
884 2097 918 2107 -
944 2062 1024 2124 unde
1047 2059 1233 2127 ἄναπαλσιν
1253 2063 1314 2124 alio
1337 2062 1468 2143 quodam
1491 2061 1665 2144 significatu
1684 2062 1759 2123 dixit
1775 2063 1958 2130 Aristotcles
1984 2068 2023 2132 de
2045 2070 2158 2135 blundo

350 2192 406 2269 tv,
433 2191 476 2254 29
505 2222 538 2233 -
570 2186 805 2264 auctionemque
827 2182 1020 2265 significare,
1050 2200 1109 2262 qua
1138 2184 1269 2263 pretium
1299 2199 1424 2261 semper
1452 2183 1539 2261 quasi
1561 2200 1681 2243 sursum
1705 2183 1844 2244 iactetur.
1876 2219 1910 2230 -
1940 2183 2029 2260 Quod
2059 2197 2159 2253 autem

350 2308 501 2375 ἆνπαλον
521 2308 669 2385 scriplum
691 2309 738 2365 est
760 2319 818 2382 pro
841 2300 1009 2381 ἄμπαλον,
1034 2321 1062 2362 v.
1085 2302 1127 2364 27
1149 2308 1232 2364 axlul
1253 2300 1478 2381 λανβανόντω,
1501 2320 1590 2381 quum
1614 2319 1642 2361 v.
1665 2300 1706 2363 23
1727 2302 1768 2361 sil
1794 2300 1988 2383 ἐλάμβανον.
2019 2344 2053 2355 -
2083 2329 2159 2389 μισ-

349 2427 484 2495 octova.
538 2426 583 2488 De
610 2424 668 2485 bac
695 2422 867 2502 imperativi
897 2419 994 2480 forma
1034 2421 1064 2482 in
1094 2422 1213 2483 Derieis
1252 2420 1500 2500 inscriptionibus
1539 2436 1601 2480 non
1634 2428 1705 2481 rara
1732 2439 1760 2480 v.
1795 2420 1917 2485 Abrens
1953 2425 1991 2486 de
2021 2426 2160 2493 arelecta

352 2548 392 2626 11,
422 2566 452 2628 p.
474 2546 546 2608 296.
602 2543 634 2605 ln
657 2542 715 2604 bac
737 2547 840 2602 nostra
864 2547 911 2601 est
939 2542 1195 2606 ονναποανόνιω
1219 2544 1250 2601 b.
1284 2538 1338 2615 19,
1368 2537 1548 2621 ἐμφερόναα
1575 2539 1633 2615 20,
1671 2539 1879 2620 λανβανόνιω
1900 2544 1958 2623 27,
1992 2543 2163 2624 δικαζόναν

350 2664 407 2746 30,
428 2664 484 2728 sed
505 2660 692 2727 α’ποδόντων
713 2658 763 2722 21.
1996 2663 1999 2671 ’

552 2781 586 2843 V.
614 2778 745 2842 16-21.
789 2780 827 2843 Si
848 2798 922 2842 cero
949 2778 1103 2841 Perensee
1131 2779 1270 2841 civitatis
1291 2797 1359 2840 eum
1380 2775 1627 2840 llelitaensibns
1648 2782 1889 2843 communionem
1910 2782 2099 2857 dissolvent,
2121 2786 2161 2848 de

352 2922 431 2985 apro
452 2902 568 2982 finibus
588 2910 717 2964 utumor
737 2916 839 2979 supra
859 2900 990 2979 scriptis
995 2918 1007 2972 ,·
1030 2898 1213 2961 discedunto
1233 2906 1334 2959 autem
1352 2914 1446 2958 unum
1461 2898 1547 2957 nacti
1564 2905 1755 2972 senatorem,
1779 2917 1886 2979 resque
1901 2903 2037 2964 alienun
2054 2904 2158 2985 quod-

352 3040 473 3102 cunque
498 3019 574 3083 urbs
596 3018 732 3095 debebit,
766 3033 831 3078 una
853 3018 997 3080 solounto
1022 3034 1083 3097 pro
1111 3025 1185 3078 rata
1211 3017 1359 3098 portione
1387 3016 1563 3087 senatoris,
1598 3024 1626 3077 el
1649 3015 1768 3078 tributa
1786 3020 1907 3084 AEtolis
1932 3022 2082 3100 facienda
2108 3042 2163 3086 se-

351 3140 484 3204 cundum
504 3121 680 3202 senmarern
700 3102 894 3216 conserente.

554 3255 602 3319 16.
646 3254 687 3319 nd
708 3257 727 3318 i.
752 3274 778 3317 e.
802 3256 855 3318 ἄν.
879 3288 913 3300 -
941 3254 989 3317 17.
1034 3254 1209 3336 λα)χόντες.
1237 3255 1436 3318 Desideratur
1453 3263 1523 3336 post
1540 3256 1599 3317 boc
1612 3254 1793 3317 vocabulum
1808 3256 1853 3331 dt,
1879 3258 1961 3338 quod
1987 3260 2085 3341 priori
2105 3265 2165 3343 ptr

353 3376 551 3456 respondeat
576 3407 610 3423 -
638 3374 679 3438 18
699 3374 865 3458 deciment
885 3380 1046 3447 senatores
1066 3379 1138 3437 sunt
1159 3374 1189 3435 in
1213 3374 1375 3436 concilium
1390 3374 1561 3437 AElolorum
1585 3374 1678 3435 missi.
1727 3373 1764 3435 Ut
1785 3383 1886 3439 autem
1909 3396 2037 3460 quaque
2059 3382 2162 3443 civitas

355 3512 414 3576 pro
447 3495 566 3556 ratione
595 3493 810 3578 magnitudinis
840 3509 929 3555 unam
960 3499 1011 3554 aut
1040 3492 1144 3574 plures
1171 3501 1333 3556 senatores
1360 3493 1511 3570 mittebat,
1550 3495 1590 3556 ita
1622 3512 1680 3576 pro
1708 3502 1884 3559 senatorum
1912 3515 2040 3560 numero
2069 3503 2163 3561 ratam

356 3614 425 3676 eris
448 3607 549 3675 alieni
563 3618 697 3696 partem,
719 3612 1064 3693 ratunrqucAEtolorum
1085 3612 1204 3676 foederi
1227 3612 1369 3675 tributum
1393 3615 1531 3693 pendere
1554 3612 1694 3675 debebat.
1720 3646 1755 3659 —
1780 3612 1893 3699 depelle
1914 3618 1982 3679 sine
2004 3617 2065 3678 iota
2086 3615 2165 3677 sub-

354 3730 536 3807 scribendo,
570 3728 668 3793 forma
696 3732 726 3793 in
758 3732 877 3794 Doricis
906 3733 1158 3812 inscriptionibus
1186 3732 1265 3794 baud
1297 3751 1364 3794 rara
1391 3753 1420 3793 v.
1455 3732 1575 3795 Abrens
1604 3733 1642 3794 de
1670 3733 1740 3794 dial.
1764 3734 1806 3813 li,
1840 3754 1869 3816 p.
1893 3735 1954 3799 293
1975 3754 2034 3818 sq,
2060 3735 2166 3798 uthis

356 3847 477 3932 quidem
499 3848 593 3912 multo
617 3856 688 3911 ante
711 3850 869 3915 Strabonis
890 3857 1009 3915 etatem
1038 3850 1140 3928 (XIV,
1176 3851 1209 3928 1,
1244 3870 1273 3931 p.
1303 3850 1365 3913 188
1391 3851 1544 3926 Taucbn.)
1572 3877 1583 3913 r
1607 3869 1668 3913 non
1691 3856 1918 3932 pronuntiatum
1942 3854 2044 3916 luerit
2071 3889 2104 3899 -
2130 3853 2166 3916 ἐν
2259 3928 2266 3941 .

356 3970 519 4054 legendum
542 3975 590 4032 ast
611 3975 645 4031 ut
666 3988 694 4030 r.
716 3967 753 4046 t,
776 3986 838 4033 non
861 3968 909 4045 ἐς,
933 3969 1015 4051 quod
1038 3972 1068 4031 in
1091 3970 1148 4033 bac
1171 3970 1303 4032 dialecto
1326 3971 1370 4045 alc
1396 3977 1457 4048 est,
1484 3970 1545 4032 vid.
1570 3991 1597 4033 r.
1621 3972 1671 4034 25.

557 4086 591 4149 V.
613 4086 749 4151 21-23.
793 4087 1061 4152 Perenseeuutem
1084 4091 1228 4153 decumas
1249 4086 1402 4153 reddunto
1425 4091 1648 4166 creditoribus,
1673 4110 1753 4172 quas
1769 4091 1879 4153 debent
1890 4093 1984 4153 trium
2001 4112 2167 4168 annorum,

357 4208 539 4273 dilationem
560 4208 691 4269 triennii
712 4209 861 4270 assecuti.

556 4324 705 4387 Decumas
734 4324 878 4405 quasdam
905 4326 1110 4391 creditoribus
1139 4330 1361 4409 oppigneratas
1392 4329 1451 4390 iam
1481 4348 1538 4409 per
1568 4330 1730 4390 triennium
1758 4345 1818 4390 non
1846 4327 1980 4393 solvisse
2009 4332 2166 4405 videntum

356 4443 412 4507 bas
436 4462 516 4505 nunc
539 4442 716 4505 decernitur
738 4449 771 4504 ut
792 4445 870 4506 intra
893 4444 1020 4512 aiterum
1044 4448 1206 4509 triennium
1228 4444 1360 4510 reddant
1381 4447 1540 4509 Perenses.

558 4562 592 4622 V.
620 4560 755 4625 23-28.
803 4564 881 4640 Once
903 4577 997 4630 antea
1019 4565 1217 4647 accipiebant
1239 4564 1393 4627 Perenees
1415 4565 1455 4627 ub
1476 4566 1555 4628 urbe
1576 4568 1609 4628 in
1629 4568 1773 4647 sinpulas
1786 4586 1907 4643 annos,
1930 4564 2167 4651 maqistratibrrs

358 4683 481 4762 arpenti
502 4684 604 4745 minae
625 4681 694 4757 111,
722 4688 867 4766 praeoni
892 4695 1028 4749 stateras
1052 4684 1099 4756 Χ,
1130 4686 1163 4746 in
1190 4685 1292 4745 oleum
1321 4682 1571 4748 adolescentibus
1600 4694 1737 4749 stateras
1764 4687 1812 4761 X,
1841 4690 1875 4750 in
1897 4707 1992 4751 sacra
2020 4702 2079 4766 pro
2107 4700 2166 4744 sa-

360 4800 425 4862 lute
446 4801 629 4881 reipublicae
649 4803 798 4881 facierma
820 4810 957 4863 stateras
974 4801 1017 4874 V,
1041 4800 1147 4861 eadem
1168 4819 1251 4862 nunc
1273 4803 1466 4880 accipiunto,
1491 4812 1520 4866 et
1542 4806 1574 4866 in
1597 4807 1711 4868 ceteris
1733 4807 1810 4870 urbs
1826 4805 2061 4870 Melitoeensium
2080 4800 2167 4882 pub-

359 4918 440 4981 licas
462 4928 571 4980 curato
594 4923 627 4980 in
650 4919 840 4980 Pereneibus
862 4938 930 4994 res,
953 4928 986 4980 ut
1009 4926 1111 4979 antea.
2011 4905 2017 4917 ⁸

585 5036 722 5098 Modicus
749 5055 824 5100 sane
857 5044 995 5117 sumplus
1024 5037 1207 5101 Percusibua
1241 5038 1349 5100 urbani
1382 5040 1626 5124 subministrant,
1660 5065 1831 5130 magnaque
1864 5057 2010 5104 trescasas
2038 5047 2086 5103 est
2113 5040 2166 5103 illo

361 5162 501 5237 tempore
530 5172 632 5217 rerum
669 5158 801 5219 omnium
834 5156 933 5218 vilitas
973 5156 1080 5231 luerit3
1127 5176 1194 5219 narn
1227 5164 1358 5221 stateres
1388 5163 1436 5242 qui
1471 5174 1750 5228 commemorantur
1781 5158 1957 5226 didrachma
1991 5161 2163 5234 AErrinelica
