5042 6442
1226 659 1283 743 49

358 909 599 973 recentissimum
625 905 688 969 luit.
734 907 763 970 Si
787 906 853 987 quis
878 912 1007 986 propter
1030 922 1150 985 pompae
1173 905 1310 968 ordinem
1335 905 1433 967 locum
1456 904 1595 967 maluerit
1616 904 1653 967 ab
1669 904 1785 987 Hygcac
1806 910 1904 968 statua
1927 904 2024 968 minus
2046 923 2154 970 remo·

358 1034 434 1105 tum,
466 1027 504 1089 de
527 1028 629 1088 utana
655 1025 832 1088 Brauroniae
853 1024 966 1105 templo
990 1026 1127 1105 cogitare
1150 1026 1265 1104 possit,
1294 1025 1380 1105 quasi
1407 1020 1463 1106 τὴν
1490 1022 1525 1088 ἐν
1547 1026 1589 1110 τῷ
1613 1020 1811 1110 {castemola
1838 1030 2028 1108 γενομένην
2048 1026 2154 1106 scrip-

358 1158 419 1212 tum
442 1148 543 1210 luerit.

509 1267 543 1328 V.
569 1266 616 1327 10.
662 1265 749 1327 Utin
774 1263 902 1342 antiquis
924 1262 1044 1342 legibus
1070 1281 1154 1343 saepe
1177 1264 1365 1324 constructio
1387 1264 1606 1325 sententiarum
1635 1262 1715 1322 inter
1735 1265 1939 1324 accusativum
1963 1282 2028 1327 oum
2051 1263 2154 1326 inlini-

358 1388 421 1449 tivo
445 1393 477 1449 et
499 1385 708 1465 imperativum
732 1384 837 1460 variat,
861 1383 901 1442 ita
923 1380 973 1444 hic
995 1381 1172 1443 infinitivum
1196 1382 1291 1445 θείειν
1313 1383 1369 1457 (8)
1392 1383 1570 1463 imperativa
1591 1382 1740 1442 sententia
1763 1383 1893 1462 excipit:
1920 1390 1972 1445 act
1994 1387 2157 1465 νείμαντες

362 1539 396 1552 —-
421 1504 885 1589 βοωνήσανιες-πέμυιαντες
900 1536 934 1545 -
951 1488 1113 1581 νεμόντων
1136 1500 1224 1577 (24),
1249 1507 1309 1562 turn
1332 1503 1441 1563 iterum
1465 1499 1644 1561 infinitivus:
1667 1504 1736 1573 τούς
1757 1498 1933 1581 ἱεροποιοός
1954 1513 2046 1565 ποτίν
2067 1499 2155 1578 (tl).

359 1624 469 1706 Agitur
491 1630 590 1686 autem
614 1622 652 1684 de
673 1621 941 1683 visceratione
964 1619 1031 1680 sive
1057 1623 1290 1700 κρεανομίᾳ;
1324 1637 1392 1680 nam
1414 1619 1547 1682 Deorum
1570 1618 1720 1680 sacrificia
1743 1619 1848 1681 eadem
1871 1620 2026 1684 hominum
2048 1622 2153 1703 epulas

361 1744 467 1821 luisse,
490 1744 556 1823 quis
579 1742 723 1822 ignorat?
765 1738 902 1817 Exempli
924 1739 1022 1819 gratia
1050 1758 1089 1799 ex
1112 1738 1144 1801 C.
1169 1739 1189 1801 l.
1214 1739 1255 1801 70
1277 1740 1521 1801 distributionem
1552 1740 1651 1798 carnis
1673 1738 1879 1801 Panathcnaeis
1901 1742 1932 1801 in
1956 1741 2024 1803 loro
2047 1743 2154 1806 Scam-

359 1861 538 1925 bonidarum
562 1857 743 1934 afferemus,
773 1876 811 1917 ox
842 1856 966 1919 decreto
990 1858 1183 1918 Piraeensium
1207 1858 1239 1921 C.
1264 1858 1285 1919 l.
1310 1856 1385 1919 101:
1418 1856 1496 1920 όταν
1518 1858 1618 1921 catam
1647 1856 1683 1918 ἐν
1711 1870 1774 1931 τοῖς
1796 1871 1912 1933 κοινοῖς
1933 1857 2030 1941 ἱεροῖς
2051 1866 2157 1943 νέμειν

359 1983 413 2043 καὶ
433 1976 676 2058 Καλλιόόμαντι
697 1973 830 2056 μερίδα,
863 1993 911 2035 cx.
930 1971 994 2057 Ἐιμ.
1014 1971 1097 2056 ’App
1127 1975 1206 2053 369,
1241 1975 1323 2038 Cart
1353 1976 1546 2056 inscription.
1574 1978 1664 2039 Attlc.
1687 1975 1752 2054 Xll,
1780 1996 1809 2038 n.
1841 1977 1867 2038 1.
1901 1977 2086 2063 ἐπεμελήθη
2105 1982 2157 2064 τῆς

360 2102 477 2173 θυσίας
498 2102 552 2159 καὶ
573 2097 625 2180 τῆς
647 2098 846 2177 κρεανομίας.
889 2094 1116 2155 Distribuuntur
1139 2097 1168 2155 in
1193 2101 1299 2156 nostro
1321 2102 1516 2157 monumento
1545 2102 1636 2157 certae
1657 2096 1810 2157 viscerum
1834 2099 2004 2177 portiones,
2027 2100 2155 2178 primurn

360 2218 582 2300 magistratibus
606 2215 710 2295 quiin
734 2212 908 2275 solennibus
933 2212 1060 2293 agendis
1083 2216 1223 2293 occupati
1246 2221 1332 2291 sunt,
1363 2215 1540 2294 prytanihus
1563 2214 1589 2275 V
1612 2215 1788 2294 portiones,
1822 2234 1931 2278 novom
1960 2217 2156 2280 archontibus

360 2336 466 2399 nescio
488 2340 594 2412 πέντε,
620 2352 659 2395 an
682 2342 770 2411 τρεῖς,
795 2350 833 2393 an
856 2330 961 2407 ἐννέα,
985 2333 1185 2411 quaestoribus
1207 2333 1351 2396 Minervae
1372 2333 1394 2410 l,
1417 2332 1595 2395 sacrificulis
1618 2334 1641 2410 l,
1664 2334 1846 2413 praetoribus
1869 2342 1901 2396 et
1922 2335 2049 2397 tribunis
2071 2336 2154 2399 rnili-

361 2463 422 2517 tum
444 2453 575 2516 lortasse
597 2452 637 2527 V;
671 2458 732 2514 turn
756 2453 791 2511 iis
815 2452 864 2530 qui
893 2468 1035 2530 pompam
1059 2458 1146 2528 eunt,
1180 2453 1253 2513 viris
1281 2453 1403 2514 armatis
1427 2450 1663 2532 mulieribusque
1692 2469 1781 2513 sacra
1809 2452 1992 2532 terentibus,
2026 2473 2155 2536 quoram

362 2573 482 2653 utrique
503 2590 543 2634 cx
564 2569 748 2651 Thucydidis
771 2571 925 2630 mentione
948 2568 1214 2631 Panathenaeorum
1239 2571 1312 2649 (Vl,
1336 2572 1376 2634 56
1398 2578 1429 2633 et
1444 2571 1502 2646 58)
1524 2572 1597 2631 satis
1620 2572 1683 2632 noti
1706 2579 1791 2647 sunt;
1814 2583 1877 2645 τοῖς
1899 2577 2075 2656 πομπαῖσιν
2096 2575 2155 2639 ad-

364 2692 443 2754 ditur
476 2702 538 2765 τοῖς
557 2686 758 2773 Ἀθηναίοις,
791 2694 824 2748 ut
852 2708 868 2751 a
897 2690 1044 2750 metoecis
1074 2689 1315 2771 distinguantur,
1349 2693 1398 2771 qui
1421 2708 1580 2752 servorum
1608 2690 1699 2752 modo
1728 2708 1869 2770 pompam
1898 2694 2078 2755 comitantur
2099 2713 2157 2757 nec

362 2809 445 2891 epuli
466 2810 632 2890 participes
655 2814 740 2884 sunt;
763 2809 790 2869 si
812 2824 870 2887 qua
891 2806 1009 2887 reliqua
1031 2810 1276 2886 sunt,'omnibus
1298 2809 1535 2872 Atheniensibus
1558 2809 1786 2871 distribuuntur.
1826 2810 1969 2889 Pompam
1992 2812 2156 2876 celebran-

361 2929 441 2991 tibus
462 2934 493 2991 et
515 2928 698 3008 canephoris
720 2934 863 3009 quantum
887 2926 986 2988 datum
1012 2925 1115 3004 luerit,
1139 2945 1201 2989 non
1224 2935 1321 3002 extat3
1350 2935 1423 3008 puto
1447 2934 1545 2990 tamen
1568 2927 1730 3009 legendum
1753 2944 1823 2989 esse
1845 2926 1945 2991 uacat
1967 2928 2044 3004 (ad)
2067 2932 2155 2996 εἷα·-

364 3046 512 3122 (6ότα),
533 3056 567 3109 ut
583 3047 710 3123 ossolet,
734 3048 910 3126 incuriaque
933 3046 1076 3107 omissum
1099 3064 1169 3109 esse
1191 3047 1358 3111 articulum.

511 3165 546 3226 V.
571 3165 619 3228 16.
664 3167 805 3245 Sumptus
828 3166 936 3246 quibus
959 3166 995 3227 ad
1018 3184 1106 3227 sacra
1130 3174 1160 3229 et
1181 3166 1319 3229 solennia
1343 3182 1421 3245 opus
1444 3171 1526 3243 erat,
1554 3170 1606 3228 aut
1628 3184 1666 3226 ex
1693 3165 1794 3226 usuris
1818 3167 2025 3246 erogabantur
2046 3186 2155 3231 sacra-

361 3303 428 3348 rum
461 3286 673 3365 pecuniarum,
714 3291 765 3345 aut
798 3303 836 3345 ex
871 3285 992 3363 praediis
1024 3286 1137 3364 sacris,
1175 3304 1242 3365 quae
1275 3285 1426 3365 pecuariis
1458 3283 1645 3346 locabantur.
1718 3285 1783 3347 lloc
1815 3290 1863 3345 est
1893 3280 1969 3349 ἀπὸ
2002 3290 2155 3367 μισθω-

360 3404 493 3486 μότων
521 3404 654 3477 θύειν,
694 3403 775 3484 quod
809 3404 881 3464 dicit
912 3403 1035 3466 isocrat.
1071 3405 1185 3484 Areop.
1219 3404 1277 3483 29,
1311 3404 1512 3485 Harpocratio
1545 3411 1644 3465 autem
1678 3402 1713 3465 ἐκ
1745 3408 1805 3480 τῶν
1836 3406 2001 3483 τεμενιιιόν
2032 3408 2153 3487 προσό-

363 3522 427 3586 dora
457 3524 685 3602 interpretatur.
736 3522 916 3601 Exemplum
945 3523 1088 3584 habcmus
1117 3524 1273 3585 decretum
1306 3522 1532 3585 Plotheeusium
1565 3522 1604 3584 de
1635 3522 1870 3584 administranda
1902 3540 1989 3584 sacra
2028 3527 2157 3605 pecunia

364 3641 397 3705 C.
419 3640 522 3717 1.80;
544 3640 618 3703 blus.
643 3640 777 3702 Rhenan.
803 3640 894 3717 1846,
919 3659 948 3720 p.
971 3642 1043 3719 289,
1067 3662 1095 3703 ν.
1119 3642 1160 3704 24
1182 3659 1247 3722 sqq.
1273 3637 1338 3706 α’πό
1363 3646 1417 3707 τοῦ
1438 3640 1530 3705 τόκον
1551 3644 1604 3704 καὶ
1625 3643 1690 3721 τοίμ
1709 3641 1898 3720 μισθώσεων
1924 3676 1965 3687 -
1995 3642 2089 3708 θύειν
2117 3643 2156 3708 τό

363 3757 435 3842 ispa>
456 3784 484 3824 κ.
497 3758 563 3823 τί.
606 3759 639 3821 lu
661 3760 763 3820 lliensi
786 3760 886 3822 tabula
911 3760 944 3823 C.
970 3762 990 3821 Ι.
1014 3760 1113 3835 3599,
1149 3779 1215 3822 cum
1239 3759 1377 3823 ilermias
1406 3759 1525 3842 quidam
1554 3760 1714 3839 pecuniam
1736 3760 1880 3823 Minerva
1907 3760 2057 3841 dedisset,
2091 3760 2158 3830 α’πό

364 3881 416 3964 τῆς
436 3876 596 3961 προσόδου
616 3882 771 3958 γενέσθαι
795 3876 861 3943 aaa
891 3882 959 3942 πᾶν
986 3879 1052 3954 ἔτος
1081 3879 1116 3943 ἐν
1145 3882 1189 3963 τῷ
1210 3883 1441 3965 Παναθηναίῳ
1467 3877 1503 3943 ἐν
1532 3882 1567 3969 τῇ
1592 3876 1683 3966 ἑορτῇ
1710 3878 1771 3941 τοῖν
1797 3874 1933 3941 Ἰλιακων
1953 3881 2085 3963 πόμπην
2104 3890 2158 3948 καὶ

364 4002 485 4063 θυσίαν
506 4001 542 4088 τῇ
558 3993 694 4080 Ἀθηνᾷ,
718 3998 894 4059 decernitur
916 4016 945 4059 v.
970 3998 1009 4061 16
1030 4016 1115 4080 sqq.;
1146 3998 1184 4060 cf.
1208 3997 1241 4061 C.
1265 3998 1286 4059 l.
1310 3996 1401 4062 3601.
1454 3997 1509 4061 llic
1538 4004 1637 4060 autern
1667 4014 1746 4059 noua
1776 3996 1960 4076 praediorum
1987 3999 2155 4081 aliquorum

363 4118 474 4181 locatio
498 4116 575 4179 lacta
597 4135 667 4178 esse
690 4116 800 4178 dicitur
822 4116 887 4178 XLl
909 4117 1012 4195 minis,
1045 4119 1152 4198 quibus
1174 4116 1281 4179 hostiae
1303 4118 1438 4180 emendas
1458 4125 1537 4180 sunt
1590 4116 1727 4179 Modicus
1749 4133 1823 4177 sane
1844 4123 1983 4197 sumptus
2006 4125 2067 4198 est,
2098 4139 2157 4183 nec

364 4237 503 4317 quicum
531 4235 717 4298 hecatombe
747 4237 847 4316 pretio
875 4238 1047 4316 comparari
1070 4238 1182 4317 possit;
1216 4236 1330 4316 quippe
1357 4254 1439 4298 anno
1467 4236 1531 4299 410
1559 4235 1609 4309 (C.
1632 4235 1654 4297 l.
1679 4234 1755 4304 147)
1789 4236 1819 4296 in
1841 4234 2050 4299 hecatomben
2073 4238 2156 4301 5114

364 4353 521 4417 drachmas
544 4361 686 4435 erogatas
710 4353 857 4434 videmus,
880 4373 960 4417 anno
983 4362 1082 4417 autem
1104 4353 1166 4417 333
1189 4353 1240 4429 (C.
1264 4354 1284 4417 l.
1311 4354 1389 4430 158)
1416 4355 1512 4417 boves
1543 4355 1603 4417 109
1632 4352 1783 4416 drachmis
1804 4354 1888 4416 8419
1913 4356 2035 4419 stetisse
2063 4360 2155 4420 novi-

364 4489 441 4551 mus,
463 4491 492 4534 v.
514 4472 647 4534 Boeckh.
672 4472 786 4535 Oecou.
811 4474 897 4536 Civit.
921 4474 950 4553 l,
973 4492 1002 4555 p.
1025 4474 1076 4537 82.
1120 4472 1224 4535 Tertio
1246 4474 1353 4536 seculo
1376 4474 1443 4554 quis
1467 4472 1571 4536 credat
1598 4473 1708 4535 viliora
1731 4470 1826 4534 luisse
1847 4490 1949 4534 rerum
1971 4476 2094 4554 pretia?

513 4590 548 4651 V.
574 4590 621 4653 17.
667 4591 700 4653 ln
723 4591 767 4653 his
789 4596 885 4655 sacris
914 4593 1075 4655 sacrificuli
1101 4611 1161 4654 una
1191 4611 1257 4655 cum
1287 4594 1377 4656 boam
1405 4592 1615 4672 emptoribus,
1646 4602 1709 4664 ταῖς
1734 4590 1870 4670 βοόναις
1902 4591 1959 4665 (dc
1988 4594 2096 4673 quibus
2126 4615 2153 4655 v.

364 4708 487 4774 Boeclrh
510 4709 583 4773 Oec.
597 4709 660 4772 Civ.
679 4711 700 4771 i.
725 4730 753 4791 p.
767 4710 846 4785 232)
869 4710 984 4774 hostias
1008 4719 1121 4790 emunt,
1145 4713 1195 4793 qui
1218 4712 1294 4774 alias
1318 4710 1383 4773 lere
1404 4710 1467 4772 suis
1489 4711 1601 4791 quique
1622 4708 1798 4771 solennibus
1821 4708 1980 4789 praetuisse
2001 4711 2152 4791 videntur,

364 4836 396 4891 ut
419 4828 452 4891 0.
474 4827 496 4892 1.
520 4827 580 4891 157
603 4828 689 4891 alteri
712 4848 752 4890 ex
773 4828 876 4892 alteris
897 4832 993 4893 sacris
1016 4828 1205 4913 όερματικόν
1227 4830 1397 4893 conterunt
1432 4861 1466 4874 -
1506 4829 1540 4890 V.
1565 4827 1605 4890 18
1627 4826 1758 4891 sortasse
1786 4827 1948 4910 legendum
1971 4833 2157 4911 πέμψαντες

367 4947 418 5032 τὴν
439 4946 571 5032 πόμπιμν
592 4949 627 5038 τῇ
648 4950 749 5030 demi,
783 4946 929 5011 θυόντων
950 4949 1085 5025 torbace
1112 4947 1168 5025 τὰς
1195 4950 1271 5032 βοός
1299 4945 1430 5023 danicae
1458 4946 1510 5009 ἐπὶ
1536 4948 1579 5033 τῷ
1598 4948 1693 5030 βωμῷ
1720 4950 1772 5029 τῆς
1789 4942 1932 5028 Ἀθηνᾶς
1953 4950 1997 5032 aqi
2014 4950 2150 5034 μεγάλῳ.

365 5066 497 5148 Magna
517 5068 601 5130 Dec
621 5085 687 5129 ara
710 5064 842 5128 sortasse
864 5084 901 5127 ea
923 5065 1119 5147 intelligenda
1143 5075 1203 5143 est,
1232 5071 1350 5149 quaein
1373 5065 1473 5131 modio
1495 5065 1655 5148 hypoethro
1677 5064 1877 5128 Parthenonis
1906 5065 1979 5147 luit,
2007 5069 2153 5150 cuiusque

365 5183 456 5248 hodie
477 5188 606 5268 vestigia
630 5190 744 5262 extant,
777 5183 863 5246 locus
889 5190 984 5246 metra
1007 5184 1118 5247 Gallica
1142 5187 1216 5265 6,52
1238 5188 1359 5271 longus,
1392 5186 1471 5249 latus
1492 5184 1576 5265 2,63,
1599 5200 1777 5266 Quamquam
1800 5189 1880 5261 sunt,
1913 5186 1940 5248 si
1968 5187 2152 5267 capraea,

364 5304 415 5386 qui
438 5320 497 5385 pro
520 5304 715 5369 fondamento
737 5309 844 5369 statua
864 5302 1004 5368 habeant
1030 5336 1063 5348 -
1089 5302 1123 5363 V.
1146 5304 1196 5367 20.
1222 5302 1366 5369 Victoria
1387 5323 1470 5369 aram
1493 5311 1563 5368 ante
1585 5320 1712 5386 parrum
1738 5301 1813 5365 illud
1834 5304 1976 5368 Victoriae
1997 5306 2150 5387 templum,

1793 5419 1812 5472 7
