5042 6442
1228 643 1287 729 Vl

413 879 417 888 ’
562 909 656 1011 titt,
686 909 750 987 Vir
778 908 941 1011 Summe,
969 911 1094 1012 gratiae
1124 908 1327 990 referende
1356 932 1464 987 eausa
1494 907 1590 987 hune
1618 908 1777 990 libellum
1806 914 1985 991 mittimus.
2044 911 2154 1016 Neg-

367 1085 498 1178 ieotum
534 1099 628 1176 enim
669 1109 705 1177 et
741 1097 912 1175 incultum
942 1096 1012 1175 hoc
1054 1095 1209 1177 studium
1241 1095 1407 1203 jacebat,
1451 1106 1559 1198 quum
1600 1099 1742 1198 triginta
1779 1095 1908 1177 abhinc
1945 1045 2058 1178 annos
2098 1100 2154 1178 Τιι

364 1286 582 1382 Oeoouomiu
613 1282 774 1363 Civitatis
804 1282 1078 1362 Atheniensium
1109 1284 1224 1386 edita,
1253 1283 1380 1361 illustri
1411 1283 1594 1386 exemplo,
1625 1283 1733 1387 quate
1755 1281 2000 1365 adiumentum
2033 1289 2068 1364 in
2099 1285 2154 1364 his

363 1474 599 1552 monumentis
629 1473 784 1570 inesset,
815 1481 852 1547 et
881 1494 950 1575 quo
981 1473 1117 1549 ratione
1148 1468 1326 1550 tractanda
1358 1480 1506 1571 essent,
1542 1468 1707 1553 docuisti.
1781 1469 1866 1551 Mox
1896 1468 2060 1574 Corpore
2090 1473 2155 1549 tu-

363 1662 592 1763 scriptiouum
622 1655 771 1735 oolleotu
801 1658 917 1734 omnia
947 1668 984 1735 et
1015 1655 1184 1761 disposita
1215 1668 1317 1758 sunt,
1355 1660 1488 1761 viaque
1526 1662 1658 1736 mrrnita
1689 1669 1743 1737 est
1775 1681 1845 1761 qua
1877 1654 1919 1735 nd
1951 1656 2154 1736 uberrimos

362 1849 441 1928 iilos
471 1846 589 1926 fontes
619 1841 734 1923 aditus
753 1850 902 1946 pateret.
948 1842 1003 1922 'l'e
1033 1846 1141 1946 igitur
1170 1848 1248 1924 inre
1278 1845 1384 1925 huius
1414 1848 1499 1923 artis
1524 1788 1747 1924 eonditorem
1767 1843 2005 1947 appellamus3
2036 1844 2153 1924 'l'uum

362 2046 418 2114 est
447 2037 478 2113 si
508 2031 593 2137 quid
623 2034 659 2109 in
689 2030 757 2108 hac
785 2054 826 2108 re
855 2033 1036 2132 norimus,
1065 2028 1109 2109 ad
1139 2031 1194 2111 'l'e
1225 2032 1375 2112 redeant
1403 2041 1564 2137 oportet,
1605 2034 1635 2109 si
1665 2054 1746 2134 (pre
1776 2055 1870 2110 nova
1901 2029 2031 2109 afferre
2063 2054 2155 2133 pos-

362 2245 499 2301 sumus.
561 2216 677 2311 Quem
706 2241 814 2319 porro
844 2217 951 2296 nobis
977 2220 1095 2321 potius
1124 2217 1233 2296 libelli
1264 2219 1436 2297 lectorem
1466 2240 1661 2321 opereque
1691 2215 1843 2296 iudicem
1873 2214 2068 2319 optemus?
2098 2217 2154 2296 Tu

362 2407 524 2512 protecto
554 2430 626 2484 non
655 2402 861 2505 miraberis,
906 2407 937 2483 si
967 2404 1157 2483 thesauros
1187 2414 1408 2507 querentem
1448 2408 1527 2507 ipse
1557 2402 1716 2483 fodiendi
1746 2402 1847 2481 labor
1877 2400 2051 2497 delectat3
2098 2402 2154 2479 Τιι

363 2599 394 2673 si
424 2596 521 2671 vires
551 2616 675 2696 parum
704 2589 902 2692 sufficient,
947 2596 978 2672 si
1015 2615 1082 2696 per
1119 2590 1288 2670 tenebras
1316 2582 1502 2694 'vagantes
1541 2613 1682 2669 uvero
1713 2588 1980 2689 aberrabimus,
2025 2592 2152 2692 utqui

365 2781 547 2861 molestius
577 2781 711 2858 itineris
741 2783 819 2884 ipse
850 2790 1022 2884 expertus
1051 2780 1102 2857 sis
1110 2760 1130 2878 ,¹
1159 2800 1263 2881 oequo
1295 2782 1413 2857 auimo
1445 2778 1554 2857 feres.

559 2967 688 3047 Annus
718 2969 786 3044 iam
816 2975 886 3069 est,
917 2990 1026 3070 quum
1048 2990 1070 3044 e
1091 2964 1226 3044 Graeoia
1256 2964 1402 3044 rediens
1422 2964 1579 3052 Berolini
1600 2977 1838 3044 commoratus
1858 2990 1949 3043 sum.
2001 2961 2053 3040 Ea
2078 2970 2154 3039 erut

361 3157 513 3259 insignis
543 3152 620 3231 Tua
650 3152 866 3255 humanitus,
912 3163 951 3231 nt
980 3152 1067 3232 nihil
1103 3156 1281 3257 antiquins
1320 3153 1514 3254 haberem,
1558 3174 1664 3254 quam
1695 3161 1733 3229 ut
1763 3150 1833 3232 hoo
1863 3150 2040 3255 opusculo
2075 3152 2154 3227 sine
2303 3163 2306 3169 ·

361 3366 460 3421 mora
490 3343 638 3442 emisso,
669 3339 807 3419 debitas
837 3338 916 3418 'titt
946 3344 1080 3444 gratias
1110 3339 1378 3444 persolverem3
1410 3338 1476 3418 sed
1506 3342 1541 3416 in
1571 3342 1719 3441 patriam
1748 3364 1936 3419 reversum
1967 3341 2064 3416 varia
2095 3359 2153 3413 me

362 3532 506 3630 negotia
536 3522 785 3625 diminuerunt,
816 3538 853 3604 nt
882 3526 1059 3630 aliquanto
1092 3529 1223 3627 serius7
1253 3549 1361 3629 quam
1392 3526 1601 3630 cupiebam,
1632 3524 1676 3604 ati
1707 3525 1761 3604 Te
1791 3528 1978 3630 perveniat
2010 3523 2154 3605 libellus

362 3714 471 3817 ionga
508 3737 595 3793 sune
632 3714 881 3817 expectatione
918 3711 1097 3816 indignus.
1184 3713 1239 3794 Τιι
1277 3735 1368 3793 vero
1407 3712 1567 3815 benigno
1603 3715 1719 3791 aniruo
1757 3716 1925 3816 primitias
1957 3712 2153 3792 studiorum

363 3925 522 3981 meorum
553 3904 706 4005 accipias
736 3900 882 4004 preoor!

759 4204 874 4268 tinente,
894 4202 994 4271 septbr.
1012 4203 1085 4256 1847.

1634 4374 1691 4457 J.
1713 4374 1771 4459 ι.
1798 4371 2001 4480 [lestap.
